4722 5896
562 661 616 723 to
932 627 1545 728 THESAURUS

559 861 685 946 soluta
727 857 914 942 visuntur.
997 857 1201 944 Vertebrae
1237 856 1331 944 colli
1357 859 1533 966 quinque
1562 856 1779 970 superiores
1800 859 1912 978 'iata-

561 1013 664 1099 grae‚
698 984 858 1070 duarum
883 1009 978 1070 vero
1004 985 1234 1074 inferiorum
1260 1009 1424 1095 corpora
1442 987 1543 1070 carie
1568 990 1728 1087 vitiata,
1767 993 1835 1074 ita.
1856 1009 1914 1075 n-

561 1137 654 1200 men
687 1131 759 1204 ut,
792 1115 911 1198 effusa
937 1111 1036 1198 ossea
1076 1118 1273 1216 materie,
1318 1112 1420 1198 inter
1444 1113 1483 1200 se
1511 1115 1741 1204 cohereant
1812 1115 1939 1204 Cur..

560 1263 655 1350 pora
677 1241 941 1327 vertebrarum
964 1241 1137 1327 duarum.
1148 1242 1389 1352 superiorum
1410 1240 1540 1341 dorsa,
1562 1247 1703 1352 partim
1731 1241 1931 1354 depuli·

559 1387 625 1463 ta,
652 1369 793 1475 partim
816 1368 965 1466 soluta,
1000 1371 1142 1454 tunica
1165 1369 1416 1456 inhaerebant.
1472 1369 1600 1454 Areua
1648 1389 1758 1480 parte
1782 1371 1912 1483 priori

560 1493 609 1576 ad
645 1493 874 1582 seinvicem
917 1493 1076 1594 inflexi,
1110 1519 1324 1604 eorumque
1354 1495 1555 1606 processus
1592 1499 1765 1584 laterales
1813 1520 1911 1591 cun·

549 1623 655 1704 erati
667 1661 695 1717 ,·
716 1622 771 1704 ita
790 1615 837 1704 'ut
858 1645 995 1708 eorum
1017 1623 1133 1732 spina
1149 1626 1390 1738 adangulura
1411 1621 1561 1710 rueram
1574 1622 1786 1710 dehiseunt.
1821 1623 1913 1732 Spi·

412 1745 417 1756 ⁶
556 1771 648 1844 Μ,
688 1749 877 1830 vertebrae
905 1749 1013 1834 dorll
1036 1749 1243 1858 lupetiorie
1277 1767 1318 1834 et
1344 1755 1431 1838 imae
1463 1753 1582 1849 colli,
1614 1751 1911 1860 prominentet·,·

556 1874 719 1980 gibbum
740 1875 982 1970 efficiebant,
1015 1897 1145 1980 eoque
1168 1875 1444 1989 infiguiurem,
1468 1873 1582 1996 quod·
1600 1875 1719 1986 caput
1745 1877 1913 1961 collum·

556 2020 634 2102 que
659 1997 700 2082 in
723 1999 850 2108 priora
872 2001 1116 2084 inclinarent.
1445 1997 1450 2012 '

637 2218 783 2322 Situilem
799 2217 908 2292 casum
923 2221 1023 2294 refert
1044 2223 1208 2308 Slichtintt
1237 2223 1283 2328 iu·
1301 2227 1553 2320 traumrtulogia
1565 2247 1648 2384 gurg.
1679 2247 1732 2306 tu·
1761 2245 1824 2306 uec
1842 2245 1911 2307 uolt

551 2305 657 2374 Stulte
673 2305 750 2376 dass.
760 2307 802 2374 de
818 2323 922 2376 morte
937 2307 1164 2398 suspensorum
1177 2311 1329 2404 urontng
1348 2315 1450 2402 17⁶⁶l
1456 2333 1532 2404 pag.
1548 2329 1562 2383 1

617 2503 727 2590 xxt.
759 2505 852 2587 Pars
874 2505 1017 2613 spinae,
1052 2529 1140 2608 quaa
1164 2513 1319 2590 collum·
1332 2507 1443 2588 facit.
1504 2509 1681 2611 Corpora
1706 2513 1909 2596 vertebra·

552 2656 639 2716 rum
660 2627 891 2714 inferiorum
905 2630 1008 2727 duo,
1030 2623 1245 2732 disjunilffi
1266 2651 1337 2738 per
1351 2629 1532 2714 laminam
1552 2626 1729 2715 callossm
1753 2649 1907 2742 aparte

552 2759 744 2843 anteriore
768 2757 1011 2866 colligantur.
1043 2753 1137 2840 Pars
1162 2752 1452 2863 media,aaque
1472 2753 1662 2854 inferior,
1685 2780 1795 2843 arcus
1816 2782 1906 2844 ver.

550 2888 674 2971 tebrae
694 2881 871 2968 secunda
884 2937 897 2981 ,
909 2907 986 2968 una
1008 2905 1098 2966 curn
1108 2882 1294 2989 prouessu
1304 2883 1470 2989 obliquo
1481 2883 1621 2969 dextro
1634 2901 1751 2989 atque
1770 2884 1905 2994 spina,

550 3007 725 3096 diffraeta
746 3011 827 3095 save
849 3013 926 3093 alio
951 3009 1074 3098 modo
1096 3007 1246 3108 soluta,
1270 3027 1423 3098 etcum
1443 3013 1596 3121 reliquo
1618 3032 1735 3109 arcu,
1756 3012 1906 3120 illoque
1989 3102 1992 3113 ,

548 3141 682 3250 prima
710 3139 1077 3234 vertebrae,iterum
1102 3157 1174 3241 per
1206 3137 1349 3222 callum
1387 3155 1572 3222 concreta
1603 3136 1784 3222 videtur:
1817 3163 1906 3242 quo

550 3281 668 3372 caput
689 3266 730 3348 in
762 3265 893 3370 priora
933 3279 975 3344 et
1006 3259 1189 3344 nonnihil
1210 3263 1254 3344 in
1285 3277 1436 3368 partem
1468 3260 1654 3348 finistraur
1684 3261 1904 3348 inclinaret.
2021 3361 2028 3384 κ

551 3393 704 3498 Corpus
729 3388 921 3473 vertebra
947 3385 1149 3483 secunda,
1181 3388 1285 3469 carie
1305 3408 1389 3472 non
1403 3385 1651 3497 deperditum
1670 3383 1813 3489 fuisse,
1835 3411 1905 3489 tte-

550 3539 628 3626 que
650 3516 805 3599 tertium
819 3536 911 3596 cum
932 3513 1058 3620 primo
1071 3509 1190 3596 fuisse
1211 3533 1464 3610 concretum,
1479 3513 1588 3620 quod
1609 3511 1659 3598 de
1679 3515 1758 3599 huc
1777 3513 1903 3624 speci·

548 3645 659 3729 mine
683 3643 962 3750 opinatuserat
1004 3639 1250 3749 Swagerman
1286 3637 1386 3750 (a),
1427 3639 1631 3726 dehiscens
1649 3640 1902 3754 processuum

548 3771 800 3874 obliquorum
820 3765 959 3854 sinistri
979 3767 1107 3852 lateris
1130 3769 1313 3856 articulus
1337 3783 1379 3856 et
1400 3791 1567 3880 corpora
1587 3765 1779 3880 disjuniir
1810 3791 1903 3882 pru·¹
1992 3801 1994 3808 ’

547 3899 656 3984 bant.

581 4119 643 4207 (a)
663 4117 911 4212 Verhrndeliug
926 4138 989 4192 vau
1005 4123 1063 4194 laet
1076 4121 1280 4196 waterhaofd
1297 4121 1403 4196 blada.
1421 4139 1497 4214 250.

608 4315 736 4404 XXII.
760 4315 967 4406 Vertebrae
987 4317 1088 4407 dorsr
1108 4319 1207 4405 duae.
1267 4275 1447 4434 Corpora
1477 4324 1696 4409 dehiseunt.
1745 4321 1904 4436 eorpus

542 4447 731 4532 vertebra
758 4445 955 4532 inferioris
986 4467 1096 4560 parte
1127 4447 1193 4534 sua
1217 4456 1415 4536 anteriore
1448 4450 1726 4562 compressum.
1771 4453 1902 4538 Arcus

539 4569 729 4686 posterior
748 4575 938 4665 vertebrae
959 4575 1161 4708 superioris
1181 4577 1412 4690 processum
1435 4576 1633 4692 spinosum
1651 4575 1819 4670 fratum
1838 4600 1906 4792 {rt-

1532 4755 1539 4766 .
1873 4727 1906 4788 2,
