4738 5880
562 641 648 742 1·48
918 619 1525 732 THESAURUS
1616 639 1643 682 ’·

624 862 815 950 DXXlll.
852 861 1193 976 Nasus.palatum
1214 883 1331 972 atque
1352 871 1494 966 uvula,
1528 885 1609 954 arte
1625 863 1737 953 faita.
1771 869 1914 963 Nasuc·

561 992 748 1075 riliaceus.
778 1076 783 1084 ,
819 992 991 1076 Palatum
1018 1018 1067 1076 ex
1088 997 1198 1076 corio
1218 999 1358 1101 nigro,
1381 995 1537 1104 spongia
1560 994 1716 1106 globosa
1738 1001 1909 1087 munito.

559 1118 690 1198 Uvula
712 1139 760 1200 ex
793 1115 952 1201 brattea
974 1121 1082 1200 tenui
1113 1119 1194 1199 five
1220 1119 1344 1220 sqama
1375 1119 1574 1206 testudinis
1607 1141 1763 1230 parata,
1796 1123 1914 1213 simili
2048 1103 2056 1118 ’

551 1241 758 1352 'spongiola
782 1243 941 1324 munita.
1012 1239 1221 1324 Colraereut
1242 1245 1390 1350 itapar
1410 1245 1501 1343 fila,
1535 1265 1579 1328 ut
1610 1249 1752 1342 uvula,
1775 1249 1822 1328 ad
1844 1273 1911 1353 pa-

559 1370 679 1450 latum
714 1365 901 1475 mobilis,
935 1365 1146 1454 naturalem
1172 1365 1340 1462 referat,
1374 1388 1414 1452 ct
1438 1371 1590 1477 praestet
1610 1373 1732 1454 usu..n
1798 1371 1911 1456 Naso

558 1517 580 1574 a
602 1509 709 1596 parte
724 1489 942 1600 posteriore
958 1515 1143 1576 excavato
1163 1516 1312 1576 annexa
1328 1463 1383 1578 est
1397 1495 1481 1578 ansa
1502 1495 1655 1578 sericea.
1678 1494 1765 1604 (p).
1777 1481 1910 1626 ]ιινε-

481 1639 486 1648 ’
558 1617 643 1712 nis,
663 1621 719 1702 28
745 1641 960 1714 annorum,
983 1617 1077 1700 ossa
1085 1618 1259 1702 nasrnon
1282 1619 1430 1712 solum.
1449 1643 1586 1704 verum
1608 1641 1646 1708 et
1668 1597 1817 1732 septum
1842 1646 1910 1702 na

556 1743 657 1823 rium
692 1766 782 1828 cum
813 1744 979 1826 maxima
1006 1761 1113 1850 parte
1146 1749 1345 1840 vomeris²
1384 1743 1466 1828 ossa
1499 1746 1698 1855 spongiola
1723 1741 1908 1827 inferiora

363 1883 368 1894 “
487 1913 491 1920 Δ
559 1869 700 1964 ambo,
735 1889 774 1952 et
793 1871 879 1974 plus
901 1891 1017 1971 quam
1050 1867 1208 1952 dimidia
1245 1894 1336 1976 pars.
1364 1869 1495 1952 dextra
1527 1861 1662 1983 palati
1686 1868 1783 1953 ossei
1817 1893 1908 1954 cum

558 2011 723 2101 quatuor
743 1993 954 2088 dentibus3¹
981 1995 1155 2076 necnon
1178 1994 1347 2098 palattun
1373 1999 1492 2076 molle
1514 2015 1663 2090 totum,
1696 1994 1909 2098 deperditur

558 2117 616 2200 Os
637 2137 753 2222 atque
776 2103 1036 2200 nares'unum
1056 2112 1257 2198 horridum
1283 2115 1498 2234 efficiebant
1519 2136 1683 2198 antrum.
1711 2131 1715 2142 “
1751 2115 1908 2203 Ostium

553 2243 754 2345 utriusque
784 2244 901 2325 antri.
924 2243 1120 2348 highmori
1155 2243 1329 2344 patulum
1354 2295 1372 2340 ,,
1426 2259 1540 2346 atque
1570 2240 1719 2348 septum
1756 2239 1909 2328 osseum

555 2367 852 2452 mediumtnrer
879 2363 961 2447 duo
988 2361 1070 2444 ossa
1098 2361 1297 2470 spongiosa
1317 2360 1536 2469 superiora,
1560 2350 1792 2449 visebantur.
1826 2368 1907 2454 Miss

556 2493 614 2577 ser
637 2493 756 2576 homo
775 2495 944 2600 linguam
965 2511 1036 2595 per
1059 2479 1236 2574 foianen
1261 2490 1412 2571 narium
1434 2489 1603 2572 exserere
1618 2515 1690 2602 pro
1712 2489 1906 2606 spesiacug¹
2047 2481 2053 2488 ’

554 2621 598 2702 lo
623 2616 782 2700 solebat.
817 2617 1051 2724 Excogitato
1073 2615 1143 2697 srbi
1166 2613 1258 2693 naso
1281 2633 1397 2714 atque
1417 2621 1546 2720 palato
1569 2614 1747 2712 factitio,
1783 2623 1905 2728 verb'a

556 2742 672 2827 edere
702 2761 742 2826 et
768 2745 858 2827 cibo
881 2761 996 2844 atque
1016 2758 1113 2848 potu
1139 2739 1195 2821 uti
1219 2735 1418 2819 didicerat.
1452 2740 1576 2822 Hunc
1602 2741 1642 2820 in
1676 2737 1793 2823 finem
1818 2741 1905 2826 ansa'

421 2964 430 2972 ,
554 2869 721 2961 sericea,
753 2865 1023 2977 perforamen
1053 2866 1203 2948 narium
1247 2860 1401 2966 trajesla
1434 2866 1585 2962 inor,
1627 2861 1903 2951 annectebatur

555 2994 673 3078 denti.
697 2997 837 3080 canino
857 2989 1040 3086 sinistro²
1066 2994 1123 3076 ita
1140 2984 1305 3071 utnasus
1329 2989 1501 3092 ligneus.
1537 2992 1800 3088 immobilis,
1816 3015 1904 3098 pers

553 3117 658 3204 fecie
681 3119 878 3204 clauderet
899 3120 1049 3200 narium
1070 3114 1258 3202 foramen
1315 3113 1491 3198 Palatum
1526 3117 1703 3197 excorio
1729 3113 1904 3217 facium,

557 3270 626 3352 per
648 3269 702 3326 os
706 3241 993 3334 introductum
1005 3241 1169 3350 postea
1159 3263 1212 3322 tta
1233 3240 1461 3338 adaptabat,
1497 3258 1539 3319 ut
1562 3240 1717 3344 spongia
1742 3243 1904 3348 globosa

557 3394 627 3478 per
647 3366 800 3458 ristun
809 3368 1039 3454 deficientis
1054 3368 1171 3474 palati
1204 3365 1334 3448 ossei!
1322 3387 1422 3444 mtra
1453 3387 1564 3446 nares
1596 3349 1778 3468 duceret,
1814 3368 1904 3450 hac

558 3516 635 3598 que
668 3515 784 3579 muco
804 3499 955 3578 narium
987 3495 1136 3600 turgida
1168 3483 1304 3586 facia,
1349 3492 1496 3571 corium
1527 3491 1631 3571 vices
1665 3493 1793 3596 palati
1806 3492 1903 3578 ossei

557 3622 707 3726 optime
740 3623 941 3726 suppleret.
1010 3619 1138 3702 Nares
1169 3640 1250 3697 non
1281 3614 1353 3695 nisr
1384 3639 1454 3718 per
1485 3611 1615 3696 fauces
1649 3619 1810 3726 mungi‚
1842 3639 1904 3698 rea
1976 3695 1979 3702 Δ

557 3743 704 3834 fluente
742 3769 882 3840 muco,
917 3764 1146 3848 potuerunt.
1213 3741 1377 3826 Lamina
1402 3763 1450 3822 ex
1472 3739 1579 3821 con'o
1600 3735 1699 3821 facta
1731 3743 1871 3822 hunc
1857 3767 1901 3829 m

556 3871 665 3956 usum
701 3875 816 3976 longe
837 3869 987 3976 praestar
1007 3891 1211 3982 argentea,
1246 3890 1346 3970 quaa:
1353 3865 1480 3949 minus
1500 3863 1538 3948 se
1558 3867 1745 4026 partibus
1762 3869 1900 3954 vicinis

556 3999 838 4084 accommodat.

596 4188 659 4276 (a)
678 4193 1196 4268 consummationum.
1218 4127 1426 4274 heristallio,
1444 4209 1461 4303 ‚¹
1480 4191 1553 4266 deel
1567 4194 1655 4282 pltat
1673 4213 1723 4314 ιι.
1739 4195 1880 4293 oppon

1060 4399 1063 4406 ι

1151 4449 1155 4458 ι
1274 4449 1285 4466 ,ι

981 4469 985 4477 ι
1198 4449 1271 4563 ψ

1275 4479 1283 4491 '

1095 4497 1100 4506 ι
