4738 5880
609 635 922 726 ossluM
953 633 1475 726 MORBOSORUM.
1679 663 1766 742 119

420 863 488 946 ria
509 855 653 946 sinistre
677 858 850 965 superior
863 877 908 941 et·
921 859 1054 968 prior,
1077 855 1215 944 sutura
1238 861 1432 942 coronalis
1453 860 1659 968 partique
1677 883 1769 944 vera

419 987 551 1086 audit,
585 983 932 1092 atquesuperciiiis
954 981 1177 1090 interjecta,
1211 984 1397 1092 periostio
1416 985 1582 1085 nudata,
1620 987 1769 1098 nigra,

420 1131 540 1216 atque
561 1129 645 1211 tota
667 1115 805 1198 ¹labans
838 1113 1061 1208 observata,
1096 1133 1259 1214 eamque
1292 1130 1414 1194 totam
1446 1111 1652 1219 chirurgus
1683 1116 1769 1194 vul·

421 1237 514 1327 sella
536 1239 703 1337 exemit,
738 1236 977 1338 constantem
1000 1255 1180 1346 exparte
1215 1239 1310 1324 ossrs
1335 1238 1490 1320 verticis
1512 1235 1649 1322 srnistri
1671 1239 1770 1320 mul·

422 1365 676 1460 conanime,
702 1366 919 1448 latitudinis
942 1361 1270 1472 poll.rhenol.1v.
1297 1365 1480 1472 ponderis
1505 1363 1676 1465 drachm.
1699 1385 1769 1446 xv.
1897 1383 1901 1394 ·

420 1488 522 1573 Non
555 1493 681 1574 multo
705 1489 916 1596 posthanc
941 1489 1244 1597 separationem,
1268 1491 1311 1571 in
1323 1511 1431 1599 parte
1459 1491 1617 1573 verticis
1638 1485 1772 1570 dextra

420 1632 591 1707 tumores
616 1616 767 1716 exortae
800 1617 942 1720 quibua
965 1615 1156 1724 adapertis·
1173 1614 1275 1700 freda
1296 1641 1340 1698 ac
1362 1616 1542 1700 diuturna
1562 1617 1690 1702 ulcera
1711 1616 1771 1696 in·

385 1757 387 1764 “
421 1739 681 1842 sequebantur
701 1767 731 1840 p
750 1740 844 1833 dum
879 1742 1015 1830 subter-
1039 1765 1095 1832 oa,
1123 1743 1329 1850 apparebat
1357 1739 1543 1847 periostio
1581 1737 1771 1833 nudatum

420 1867 728 1968 aequandarum
739 1891 755 1964 3
776 1865 935 1958 tendere
956 1888 1051 1958 vero
1072 1865 1179 1964 idern
1196 1867 1421 1976 cireirurgue
1444 1865 1574 1952 mense
1593 1867 1771 1970 januario

425 1994 572 2094 1778,
605 2013 650 2070 os
673 1984 803 2074 labans
825 1989 984 2076 vulsella
1009 1993 1173 2075 extraxit
1194 2016 1210 2089 ;
1250 2011 1410 2092 eratque
1444 2012 1531 2096 pars
1556 1991 1652 2072 ossrs
1684 2011 1772 2074 ver·

420 2115 509 2198 ticio
530 2109 661 2206 dextri
686 2105 1017 2222 ionge'uraxiina,
1038 2105 1266 2211 incrassata,
1287 2135 1338 2196 cx
1359 2115 1544 2196 interiore
1573 2133 1681 2222 parte
1700 2137 1773 2222 pu·

420 2239 599 2333 micon,
643 2239 830 2346 ponderis
861 2261 951 2326 une
984 2255 1043 2321 nr.
1064 2258 1104 2322 er
1126 2233 1297 2322 diachm.
1319 2234 1381 2319 nri
1405 2259 1521 2344 atque
1549 2233 1639 2346 'pare
1677 2237 1771 2322 orsis

420 2361 569 2446 stontie
586 2364 767 2457 cariosa,
812 2365 996 2463 unirique
1017 2364 1294 2461 inequabffla,
1329 2363 1510 2449 extremis
1551 2365 1634 2444 orie
1664 2365 1770 2468 quasi

421 2487 679 2577 dmubtuata‘,
702 2509 778 2590 qua
799 2484 850 2566 ab
872 2483 958 2566 osse
981 2485 1142 2569 'verticis
1183 2481 1230 2565 ad
1246 2484 1361 2568 ‘sanus
1391 2483 1578 2569 stoutaiee
1610 2485 1771 2586 tendit,

420 2612 605 2719 ponderis
625 2635 715 2694 unc.
740 2637 785 2692 rr.
813 2625 851 2691 et
871 2610 1043 2692 drachm.
1077 2633 1122 2688 an
1190 2608 1249 2691 Oe
1282 2612 1439 2693 verticis
1464 2611 1644 2698 dextrum
1677 2635 1769 2703 curu

421 2736 590 2845 separata
614 2738 676 2819 illa
697 2753 806 2843 parte
821 2735 913 2819 ossrs
935 2732 1078 2817 frontis
1116 2733 1399 2841 longitudinem
1425 2737 1572 2836 habent
1607 2763 1649 2824 rx
1672 2739 1769 2846 poli.
1833 2784 1836 2793 ·

421 2856 572 2946 rhenos.
639 2851 825 2944 Preterea
846 2851 1002 2942 diveifis
1024 2859 1264 2966 temporibus
1288 2863 1456 2967 parvula·
1466 2859 1681 2970 fragmenta
1702 2885 1772 2948 ex·

422 2985 625 3082 ciderunt,
659 2987 759 3067 inter
776 3009 862 3087 qua
883 3009 969 3092 pars
989 2984 1098 3091 prior
1118 2984 1224 3064 sanus
1245 2972 1421 3068 frontalis
1443 2984 1695 3073 dextrirhinc
1721 2987 1750 3072 s
1752 3037 1770 3060 ·

419 3135 494 3199 nus
519 3129 687 3218 apertus.
720 3109 826 3194 Dein
851 3117 899 3204 ab
924 3108 1005 3220 ipso
1036 3108 1500 3220 calvariaeintegurnento
1524 3114 1703 3212 interno,
1726 3113 1768 3195 id

421 3227 477 3330 est
507 3237 601 3322 dura
631 3255 777 3334 matre,
808 3255 924 3346 atque
956 3258 1024 3322 ore
1045 3233 1137 3317 ossrs
1173 3233 1337 3346 integri,
1370 3239 1487 3320 callus
1528 3235 1657 3344 specie
1688 3261 1769 3320 car.

419 3363 480 3454 nis
511 3367 634 3452 rubrae
657 3362 849 3456 increvit,
867 3363 941 3466 ¹qui
956 3364 1074 3444 trium
1096 3361 1284 3452 monsrunr
1301 3361 1423 3470 spatio
1443 3359 1770 3462 confirmatus,et

420 3473 460 3572 in
485 3488 596 3573 solidi
622 3491 713 3572 ossrs
742 3489 927 3582 duritiem.
947 3487 1184 3586 conversus,
1208 3489 1302 3574 orsu
1323 3485 1476 3571 decidui
1494 3482 1682 3598 jacturam
1707 3513 1768 3573 re·

421 3615 580 3723 paravit.
660 3615 838 3698 Tandem
870 3635 965 3697 vero
1001 3613 1182 3697 omnibus
1228 3615 1324 3695 locis
1369 3617 1443 3696 lata
1485 3635 1601 3721 atque
1643 3615 1768 3700 valida

319 3757 321 3761 ’
421 3741 711 3820 membranacea
732 3739 889 3818 cicatrix
917 3739 1100 3830 inductu
1135 3759 1297 3842 excepta
1328 3741 1424 3826 nesn
1454 3745 1616 3828 verticis
1644 3741 1769 3828 denari

422 3863 586 3964 quadam
607 3879 716 3970 parte
736 3861 904 3944 laterali,
927 3859 995 3940 ubi
1011 3858 1233 3946 membrana
1255 3861 1320 3952 id,
1342 3863 1449 3964 quod
1475 3866 1575 3951 inter
1598 3865 1679 3950 ossa
1702 3891 1769 3946 va·

423 3979 668 4083 enumerat,
701 3988 848 4100 replet,
883 4004 962 4100 quo
995 3985 1085 4081 loco
1117 3985 1262 4080 cerebri
1284 3975 1448 4092 pulsatio
1471 3983 1665 4086 observari
1696 4015 1766 4096 po.
1791 4037 1841 4062 a.

424 4113 522 4211 test,·
555 4115 648 4218 quin
673 4128 711 4200 et
732 4113 834 4197 sinus
871 4107 1061 4228 frontalis¹
1082 4109 1215 4192 dexter
1238 4131 1414 4216 apertus,
1449 4115 1517 4218 qui
1550 4119 1659 4198 locus
1692 4115 1765 4198 lin·
1849 4107 1861 4138 ⁴

423 4223 539 4322 teolo'
555 4237 819 4358 contegendus
843 4237 910 4322 est.
979 4225 1093 4322 Sinus
1126 4223 1273 4320 sinister
1304 4233 1392 4320 cute
1413 4231 1645 4354 contegitur.
1680 4239 1766 4326 Pal·

421 4365 698 4470 pebradextra
721 4365 921 4472 superior,
956 4349 1212 4446 summa'cute
1236 4365 1429 4477 relaxata,
1462 4367 1639 4478 procidit.
1677 4367 1766 4450 Coe·

424 4501 550 4604 terum
574 4492 688 4577 rebus
709 4475 929 4578 domesticis
948 4490 1177 4602 inuigilare,
1203 4487 1364 4576 sanitate
1384 4493 1532 4578 illibata
1554 4491 1709 4579 buitur.

1684 4767 1764 4840 Hic-
