4722 5896
570 633 627 716 16
927 617 1529 712 Tlllesnuuus

632 843 817 932 XXXIV.
853 841 1022 930 Humeri
1053 846 1177 932 dextri
1198 848 1393 932 articulus.
1426 845 1557 932 Senex
1580 837 1922 958 septuagenarius?

567 971 737 1067 fidicen,
773 991 863 1056 ante
888 994 1055 1079 quatuor
1077 999 1199 1060 annos
1224 973 1331 1082 lapsu
1349 973 1546 1059 luxaverat
1566 973 1796 1071 humerum,
1832 995 1914 1078 qun

566 1094 747 1222 negleslo
775 1117 814 1182 et
845 1124 926 1185 non
962 1102 1163 1200 restituto,
1198 1123 1358 1184 manum
1387 1098 1512 1184 fronti
1543 1101 1743 1208 imponere
1777 1101 1842 1182 vel
1865 1097 1914 1182 nd

564 1225 721 1310 dorsum
753 1249 913 1308 movere
944 1232 1166 1334 impotens,
1200 1249 1301 1338 aeger
1334 1246 1463 1312 motus
1497 1241 1625 1310 tamen
1644 1225 1793 1311 brachii
1813 1222 1915 1308 infe·

563 1354 686 1436 riores
709 1351 923 1436 antrorsum
946 1371 986 1434 et
1004 1351 1213 1438 retrorsum
1232 1353 1486 1461 perficiebat,
1511 1353 1679 1458 sicque,
1722 1347 1914 1460 plectrum

565 1476 773 1589 agitando,
807 1481 927 1562 vitam
959 1477 1201 1578 distinebat,
1260 1480 1389 1567 donec
1432 1503 1536 1566 anno
1577 1483 1710 1586 1780.
1756 1481 1935 1564 obierit.·'

565 1602 699 1690 Sebiio
720 1601 916 1689 cadaveris
951 1605 1086 1693 docuit
1107 1595 1223 1716 caput
1244 1608 1415 1708 humeri,
1435 1607 1714 1704 devium,non
1734 1602 1805 1690 sub
1827 1627 1915 1688 mu·

560 1729 670 1815 sculo
692 1729 877 1837 pediorali
900 1733 1046 1837 majore
1065 1733 1173 1831 solo,
1195 1757 1325 1838 neque
1345 1738 1448 1820 intra
1469 1733 1628 1842 pmprie
1648 1728 1797 1814 didbum
1819 1729 1915 1814 axil-

562 1860 610 1941 lae
632 1879 800 1954 cavum,
835 1855 978 1953 idest,
1013 1860 1115 1939 inter
1138 1859 1353 1942 musculum
1373 1857 1684 1964 subscapularem
1712 1871 1752 1937 et
1781 1853 1913 1936 serrati

563 1981 693 2092 magni
716 1983 840 2088 capita
864 1981 1061 2088 superiora
1074 1982 1217 2067 herere
1232 2036 1247 2078 ,
1261 2003 1397 2066 verum
1411 1995 1516 2090 pone
1533 1979 1750 2065 musculum
1763 1977 1913 2064 subsca-
1982 2037 1989 2048 ·

561 2109 738 2218 pularem
770 2105 1018 2206 delitescere,
1053 2125 1094 2191 et
1108 2129 1122 2205 ·,
1138 2107 1210 2192 bac
1231 2108 1405 2206 ratione,
1438 2109 1500 2192 uti
1530 2106 1572 2190 in
1597 2105 1911 2214 precedentibus

561 2231 865 2344 speciminibus,
900 2237 1055 2321 humeri
1085 2259 1130 2319 os
1159 2233 1322 2343 scapula
1343 2237 1489 2321 cervici
1523 2234 1784 2343 applicatum,
1819 2257 1913 2318 uun
2024 2281 2032 2290 ·

560 2361 628 2444 vel
646 2359 728 2442 sine
749 2361 833 2476 ejus
864 2360 1029 2448 cervicis
1049 2357 1241 2468 frenum,
1262 2385 1411 2462 novum
1445 2361 1518 2448 fibi
1539 2383 1588 2448 ex
1610 2359 1710 2445 callo
1732 2361 1912 2472 effingere

563 2487 690 2590 finum
724 2509 798 2591 pro
840 2489 1041 2568 articulet
1085 2515 1171 2588 quae
1206 2489 1339 2566 omnia
1383 2495 1548 2590 ampliuc
1593 2491 1634 2566 in
1668 2501 1911 2572 commenta·

560 2613 671 2692 tione
704 2608 1000 2705 demonstravi,
1044 2610 1207 2712 aliisque
1227 2608 1413 2716 exemplis
1434 2609 1597 2715 probavi
1617 2603 1711 2716 (a).
1751 2605 1797 2688 In
1825 2606 1909 2714 ipso

561 2733 796 2844 specimine,
830 2735 973 2840 liquori
994 2731 1197 2844 spitituosn
1228 2732 1417 2850 condito,
1448 2733 1541 2816 huic
1563 2731 1707 2817 osfilllll
1731 2731 1908 2818 thesauro

560 2861 706 2947 inserto
758 2879 797 2944 et
838 2851 1066 2958 asseruero,
1112 2883 1219 2944 nunc
1250 2859 1447 2967 sequentia
1477 2857 1665 2943 visuntur.
1742 2857 1910 2967 Scapula

559 2985 757 3098 duplicem
779 2991 1020 3074 articularem
1040 2987 1168 3072 smum
1189 2985 1359 3073 exhibet.
1428 2987 1541 3072 Prior
1563 2986 1745 3070 naturalis
1775 2985 1913 3082 smus,

559 3113 859 3224 cartilaginosue.
929 3115 1123 3224 cartilago
1166 3115 1274 3208 haec,
1297 3113 1425 3219 capite
1455 3113 1610 3197 humeri
1628 3114 1775 3195 'minus
1797 3135 1906 3196 com·

558 3239 709 3348 pressa,
726 3232 978 3322 crassitudine
1000 3237 1191 3334 increvit,
1205 3236 1445 3339 aliquantum
1459 3235 1580 3322 soluta
1600 3253 1640 3318 et
1659 3235 1799 3319 fibrosa
1820 3235 1907 3320 red·

562 3364 658 3449 dita.
691 3364 810 3448 Sinus
832 3361 944 3468 hujus
988 3387 1055 3446 ora
1096 3362 1259 3446 interior
1288 3364 1537 3461 acuminata,
1588 3363 1729 3445 detrita
1758 3363 1906 3446 cortile

559 3491 678 3602 gine,
700 3488 803 3572 nuda
825 3489 904 3586 est,
929 3489 1054 3572 nitore
1074 3507 1114 3572 et
1130 3487 1326 3572 soliditate
1348 3491 1530 3575 eburnea.
1599 3489 1680 3573 Ora
1699 3487 1781 3594 ejus
1802 3487 1905 3571 infe·

560 3619 666 3715 rior,
699 3617 843 3700 cervici
862 3618 1038 3724 proxima
1052 3672 1065 3714 ,
1079 3616 1212 3701 deficit
1236 3613 1462 3736 (l),quas1
1495 3609 1667 3701 diffrasta
1688 3631 1726 3697 et
1750 3613 1906 3712 induta-

557 3763 604 3828 to
624 3741 737 3830 osseo
758 3743 857 3829 callo
880 3742 1066 3830 immersa.
1124 3743 1258 3827 Altera
1280 3765 1384 3826 nova
1405 3743 1616 3828 articularis
1648 3764 1790 3839 cavea,
1806 3741 1904 3826 emi-

559 3873 691 3956 nentia
726 3865 830 3954 ossea
853 3897 874 3955 a
899 3871 1062 3954 naturali
1078 3871 1162 3955 sinu
1183 3867 1419 3968 distindia,a
1439 3873 1540 3954 callo
1560 3867 1774 3976 producta,
1798 3869 1902 3950 circa

558 3999 763 4082 humerum
784 3995 1006 4082 informem
1029 3997 1131 4082 smus
1147 3998 1343 4091 excrevit,
1356 3985 1698 4104 constans‘grumis
1709 3991 1826 4076 osseis
1837 4015 1902 4100 ag-

559 4123 751 4236 gregatis,
772 4143 883 4207 motu
904 4142 945 4207 et
966 4124 1059 4206 tritu
1073 4126 1264 4206 continuo
1284 4121 1420 4228 plessss
1433 4178 1447 4220 ,
1461 4144 1592 4226 neque
1613 4123 1694 4205 nllo
1715 4118 1899 4228 periostio

557 4267 627 4334 aut
646 4250 867 4360 cartilagine
888 4245 1082 4334 obdudlis.
1146 4247 1339 4351 Reliquiae
1358 4245 1506 4333 fibrosae
1526 4245 1697 4357 petioliii
1717 4248 1904 4330 interval·

555 4379 593 4458 la
615 4373 860 4459 messalarum
881 4359 1106 4483 adimplent.
1188 4373 1451 4460 Coracnideus
1485 4373 1647 4484 scapulae
1669 4372 1897 4481 processus,

553 4503 665 4585 latior
695 4499 843 4598 solito,
876 4499 1061 4610 petiestio
1093 4525 1251 4609 quoqne
1287 4501 1429 4584 detrito
1466 4499 1762 4610 amplitudinem
1803 4496 1900 4580 novi

549 4629 658 4714 linus
679 4647 794 4739 auget
818 4645 860 4709 et
891 4627 1068 4735 perlicit,
1103 4655 1170 4713 ora
1200 4627 1421 4732 inaequabili
1454 4629 1659 4712 terminati.
1728 4621 1899 4708 Homeri

547 4773 693 4866 caput,
726 4755 993 4872 magnitudine
1020 4781 1158 4871 parum
1192 4751 1383 4858 andum,
1430 4753 1595 4880 bifidum
1627 4765 1783 4874 apparet
1814 4746 1896 4862 (a).

1807 4875 1898 4960 Pars
