4722 5896
601 621 659 702 m
741 537 833 686 ’.
966 551 1569 716 enesaunus
1724 623 1729 631 ·

602 841 643 924 in
656 855 813 1050 pasrtem
840 841 1065 930 interlorem
1103 849 1313 936 conversus
1346 849 1479 937 fuer-it
1547 852 1642 944 Part
1671 855 1740 950 teli
1772 853 1951 972 superior

598 991 704 1052 carro
721 993 741 1050 a

608 1195 822 1300 cCLV.
861 1200 1034 1344 Simile.
1077 1200 1259 1334 Fractura
1286 1204 1414 1294 fibulae
1447 1211 1619 1298 obscura.

662 1425 849 1514 CCLVI.
886 1431 1054 1531 Simile,
1089 1437 1208 1518 cruris
1242 1435 1381 1522 dextri.
1435 1443 1554 1528 Sinus
1582 1447 1711 1545 tibiae,
1743 1445 1842 1534 foria
1881 1475 1961 1536 nu·

603 1551 798 1660 vicularis
815 1555 980 1668 dictus,
1015 1585 1095 1667 quo
1127 1585 1218 1648 curn
1252 1569 1331 1650 telo
1358 1553 1643 1733 committitur,
1676 1576 1851 1730 integer,
1869 1600 1947 1769 pro

593 1651 747 1784 mobili
753 1681 929 1834 articulo.

1139 1945 1411 2002 Μ

657 2101 864 2196 CCLVII.
901 2109 1045 2201 Patella
1078 2071 1205 2201 media
1226 2075 1438 2200 transversa
1458 2111 1634 2202 fracta
1595 2169 1607 2214 ,
1621 2139 1660 2200 ιιι
1675 2087 1842 2220 liquore
1848 2115 1941 2201 lim

588 2229 731 2342 pido(
742 2239 917 2322 Mulier
936 2245 1074 2332 labans
1088 2265 1189 2352 etp
1176 2265 1270 2352 ope
1292 2243 1460 2369 cadone,
1483 2243 1528 2334 vl
1551 2242 1825 2344 musciuorum
1833 2264 1939 2350 genu

586 2347 879 2470 extendentium
900 2365 1075 2476 seipsam
1098 2370 1240 2454 fulcire
1261 2387 1301 2462 et
1322 2356 1468 2479 erigere
1470 2348 1699 2464 ddnititur,
1713 2363 1790 2449 sed
1798 2367 1951 2454 eodem.

585 2484 710 2588 nixu,
741 2508 788 2570 ut
810 2489 934 2586 solet,
953 2495 1100 2575 intenti
1122 2494 1284 2586 musculi
1305 2485 1556 2616 patellam,
1538 2518 1676 2578 eorum
1708 2491 1892 2576 tendini
1876 2516 1941 2590 ιιι-
1946 2500 1951 2518 ²

587 2625 744 2714 natam,
785 2611 1063 2720 disrumpunt,
1108 2615 1202 2694 dum
1242 2604 1397 2692 tendo
1419 2613 1634 2721 elongatur.
1727 2613 1938 2722 Fragmen-

587 2748 658 2832 ta,
690 2753 842 2844 aparte
889 2738 1039 2822 articuli
1083 2731 1387 2848 cartilaginosa,
1431 2737 1531 2826 ultra
1568 2739 1723 2847 pollicis
1764 2739 1938 2826 latitudi-

583 2881 676 2944 nem
707 2861 949 2974 dehiscunt:
982 2863 1046 2948 sed
1076 2863 1307 2972 intermedie
1340 2885 1464 2974 eaque
1497 2863 1676 2980 densiore
1711 2866 1944 2976 membrana

582 2985 780 3072 tendinosa
806 2991 1028 3088 coherent,
1062 3010 1174 3076 motu
1186 2989 1346 3074 articuli
1366 2991 1483 3101 magis
1507 2994 1707 3100 magisque
1728 2987 1930 3093 disjuncta

579 3108 814 3222 Fragmento
835 3116 1032 3224 superiore
1052 3117 1150 3199 serra
1173 3137 1243 3222 per
1265 3117 1551 3240 longitudinem
1574 3115 1712 3216 diffissp
1732 3136 1847 3228 atque
1870 3141 1933 3202 re·

579 3235 710 3336 flexo,
737 3261 895 3349 apparet
920 3240 1168 3324 substantiam
1197 3237 1342 3322 osseam
1368 3229 1700 3341 naturalemque
1718 3259 1829 3383 parte
1848 3264 1931 3326 non

578 3364 842 3474 cartilaginosa
875 3364 956 3462 est,
1002 3366 1176 3487 unquue
1207 3363 1426 3448 substantia
1462 3362 1658 3447 tendinosa
1690 3367 1821 3475 cingi,
1840 3367 1928 3450 illi-

579 3513 660 3594 que
678 3507 801 3576 totam
824 3493 1034 3588 inhaerere,
1057 3469 1162 3596 quain
1195 3491 1340 3589 tendo,
1364 3485 1412 3578 ud
1445 3489 1579 3576 tibiam
1611 3492 1837 3602 pertinens,
1858 3515 1930 3602 per

581 3615 779 3729 duplicem
799 3619 1015 3728 patellam
1002 3633 1242 3726 interruptus
1257 3617 1324 3706 stt.

640 3833 861 3928 CCLVIII
896 3843 1041 3934 Patella
1061 3837 1189 3948 media
1213 3839 1422 3926 umsversa
1446 3795 1565 3923 fracta
1590 3741 1760 3932 similis,
1793 3840 1839 3921 'in
1879 3839 1935 3924 li·-

566 3989 703 4078 ·quore
735 3968 912 4077 limpido.
989 3967 1218 4077 Fragmenta
1259 3967 1401 4064 minori
1453 3967 1661 4046 intervallo
1706 3963 1924 4055 dehiscunt

575 4094 731 4180 Solutio
753 4097 933 4180 continui
959 4096 998 4176 in
1015 4112 1122 4202 parte
1146 4088 1410 4200 cartilaginosa
1435 4090 1533 4183 adeo
1565 4089 1762 4198 aequabilis
1794 4087 1922 4187 facta,

574 4217 671 4308 acsi
703 4223 845 4324 patella
871 4222 996 4303 cultro
1033 4217 1152 4318 diuisa
1185 4213 1332 4308 fuisset.
1402 4212 1679 4324 Fragmentum
1722 4211 1921 4312 inferIus,
2052 4287 2056 4294 .

573 4338 674 4430 serra
704 4367 773 4450 per
803 4343 1088 4456 longitudinem
1110 4340 1313 4442 diffissum,
1336 4339 1583 4442 substantiam
1606 4342 1701 4426 otiis
1730 4343 1921 4428 internam

572 4471 788 4556 naturalem
825 4471 1067 4580 pumicosar'n
1112 4471 1269 4556 exhibet
1300 4461 1334 4566 ,Ι
1358 4494 1380 4552 a
1404 4485 1512 4578 parte
1543 4470 1696 4554 articuli
1728 4465 1843 4552 crassa
1873 4479 1929 4550 ac·
2002 4561 2009 4578 .

571 4592 662 4696 levi
694 4597 914 4710 cartilagine
945 4615 1131 4709 opertum.
1198 4597 1238 4685 A
1272 4611 1380 4710 parte
1411 4597 1623 4700 exteriori,
1655 4613 1696 4682 et
1726 4617 1801 4704 qua
1835 4613 1919 4676 non

1837 4741 1918 4808 ear·
