4722 5896
555 653 611 745 ta
743 623 756 642 '
918 602 1588 744 r'rrdsnunu'a
1662 645 1667 658 ·

553 885 725 992 laevigata
747 892 786 965 et
815 883 989 983 lubrica,
1023 907 1113 969 cum
1137 881 1336 966 ambiente
1359 901 1401 967 et
1421 882 1623 968 incrassata
1647 835 1754 992 parte
1761 843 1900 1010 capsae

550 1013 750 1119 planitiem
778 1012 927 1110 efficit,
969 1037 1043 1116 qua
1101 1012 1339 1094 intermedia
1363 1013 1471 1120 capsa
1496 1017 1717 1096 trochanter
1727 987 1901 1136 iiiior,

552 1162 661 1242 neque
682 1163 726 1220 ac
747 1137 850 1222 nuda
873 1159 959 1244 pars
983 1139 1097 1236 colli,
1113 1137 1266 1220 insolita
1298 1139 1517 1224 mobilitate
1548 1139 1659 1248 supra
1683 1147 1913 1258 concauam

553 1267 686 1372 capitis
708 1283 883 1371 partem,
908 1285 1023 1369 atque
1043 1253 1128 1370 pars
1157 1263 1292 1370 capitis
1315 1283 1489 1350 convexa
1515 1270 1618 1352 intra
1642 1268 1770 1351 smum
1790 1251 1922 1348 coxae·

553 1393 943 1498 circumagebantur,
976 1390 1077 1492 haud
1099 1391 1210 1472 aliter
1231 1415 1275 1498 qe
1298 1393 1340 1496 ip
1361 1395 1539 1494 articulis¹
1562 1395 1728 1479 maxillae
1742 1389 1900 1490 ,clavia

420 1547 426 1552 ·
552 1522 647 1600 culae
672 1537 712 1600 et
737 1515 876 1611 sterni,
902 1519 1006 1602 tibiae
1029 1537 1068 1598 et
1090 1515 1274 1612 semoris,
1297 1523 1480 1628 cartilago
1502 1520 1678 1623 quaedam
1700 1509 1908 1655 interJ‘edla=

552 1643 619 1727 est.
670 1633 826 1726 Interim
855 1645 1008 1726 mobilis
1044 1645 1108 1726 illa
1142 1645 1336 1751 epiphyfis
1357 1649 1483 1750 aliqua
1504 1665 1614 1754 parte
1635 1638 1725 1729 cum
1733 1630 1908 1726 ceruice¹

551 1771 720 1855 cobaeret
741 1769 838 1878 (g),
864 1789 904 1852 et
926 1771 1082 1902 quidem
1107 1793 1177 1876 per
1199 1789 1348 1902 partem
1368 1773 1602 1875 membrana
1627 1775 1790 1880 internae
1812 1756 1906 1850 art'ia'

551 1897 630 1978 culi
681 1898 947 2000 anteriorem,
1004 1892 1153 2000 qum,
1168 1923 1189 1976 a
1206 1889 1343 2002 capsa
1374 1900 1422 1980 ad
1458 1901 1620 1982 collum
1646 1872 1808 2002 semoris
1833 1915 1904 1976 re·

551 2021 723 2116 flexa,
711 2043 753 2100 m
790 2043 924 2102 recens
959 2043 1052 2102 nato
1085 1991 1394 2106 membranacea
1419 2023 1531 2136 (h),
1566 2019 1606 2105 in
1644 2017 1776 2106 adulto
1815 2039 1901 2104 ten·

550 2143 683 2228 dinosa
707 2149 885 2228 tenacula
920 2143 985 2258 (a)
1018 2145 1205 2244 afficit,
1193 2171 1234 2228 m
1270 2145 1351 2232 ho'c'
1381 2149 1510 2235 autem
1522 2137 1729 2255 subj'e'tlo
1734 2129 1909 2274 degene-

546 2292 653 2370 rata,
677 2273 834 2356 crasstor
856 2290 895 2354 et
915 2273 1131 2358 rubicunda
1155 2271 1245 2357 suit.
1314 2273 1480 2382 Neque
1487 2279 1571 2362 haec
1590 2301 1678 2400 para
1699 2280 1829 2358 vicem
1853 2255 1910 2355 li-3

546 2399 715 2508 gementi
737 2396 1118 2506 praestabat,u'tpote
1142 2417 1272 2485 tenera
1295 2405 1412 2506 atque
1422 2398 1710 2500 flexibilis,ut
1723 2393 1768 2484 'ea
1790 2404 1907 2484 alon·¹

547 2547 658 2634 gata,
670 2522 798 2604 femur
819 2523 865 2603 ad
893 2517 1109 2604 distantiam
1140 2530 1255 2605 uniu‘s
1281 2547 1334 2606 et
1353 2532 1471 2609 medii
1499 2530 1607 2626 digiti
1640 2557 1664 2606 a
1671 2525 1819 2626 ‘c'apite
1840 2527 1911 2625 di-'¹

476 2705 479 2710 -
544 2651 698 2734 moveri
720 2663 875 2752 potest,
909 2669 984 2748 qua
1004 2641 1125 2726 simul
1143 2637 1415 2749 cognoscitur,
1448 2652 1592 2746 quanta
1622 2652 1709 2753 par's
1735 2647 1900 2727 cervicis

507 2834 512 2843 ·
545 2775 695 2900 perdita
717 2773 787 2860 fit:
808 2789 995 2879 praterea
1013 2766 1097 2852 vasa
1119 2769 1449 2872 continet,quae·,
1472 2771 1676 2854 cumr-asra
1697 2771 1915 2882 figmenti,

399 2915 403 2922 ’
545 2901 679 2984 teretis
701 2895 798 3010 (lm)
726 2897 984 2982 ksolutam
1006 2895 1231 3003 epiphysem
1256 2896 1394 2978 nutriri
1422 2911 1649 3003 potuerunt.
1730 2897 1914 3002 Reliqua
1944 2912 1957 2933 ·
2002 2925 2004 2932 '

403 3063 407 3072 ’
545 3050 633 3136 pars
667 3021 841 3131 ejusdem
873 3024 1105 3132 membranae
1144 3024 1305 3105 internae
1331 2995 1488 3129 capsa,
1515 3027 1563 3132 ab
1590 3047 1661 3107 ora
1688 3017 1917 3108 orbiun'ar's

546 3153 683 3260 capitia
705 3149 856 3260 globosr
879 3149 1025 3243 soluta,
1060 3141 1254 3230 lacerata
1242 3165 1362 3228 antra
1378 3141 1528 3251 capsam
1561 3135 1795 3246 inienitur,
1813 3144 1896 3230 ibi·
1993 3250 1997 3260 μ

547 3301 625 3384 que
652 3299 718 3356 ota
742 3276 918 3355 laciniam
940 3273 1031 3356 colli
1052 3291 1201 3378 partem
1224 3269 1464 3378 superstitem
1484 3273 1655 3357 ambite
1681 3269 1836 3384 Ergo
1812 3298 1897 3360 non

546 3427 699 3488 novum
724 3417 902 3482 anatura
924 3393 1090 3483 effitiunt
1126 3395 1407 3505 suspensorium
1429 3397 1693 3507 ligamentum.
1717 3428 1766 3464 ·-·-
1785 3371 1896 3484 Nec

546 3529 671 3613 solum
693 3523 850 3608 claudus
871 3525 1019 3620 homo,
1053 3547 1189 3608 verum
1211 3525 1325 3608 etiam
1347 3523 1486 3610 eodem
1507 3529 1626 3609 latere
1648 3526 1787 3610 dextro
1808 3527 1899 3609 her·

546 3653 677 3740 niosus
707 3671 812 3749 erat,
839 3667 878 3733 et
899 3671 1045 3758 partem
1068 3647 1306 3757 prolapsam,
1328 3653 1368 3733 in
1400 3650 1502 3736 suam
1527 3651 1656 3738 sedem
1676 3652 1870 3760 repulsam
1879 3649 1916 3752 ,'‘

420 3851 424 3856 .
546 3777 725 3864 vinetum
756 3780 996 3862 continebat.
1031 3779 1186 3885 Aperto
1208 3778 1442 3876 abdomine,
1465 3797 1504 3862 et
1528 3799 1641 3879 cute,
1669 3777 1919 3888 quaa-super‘
2006 3793 2011 3806 '

547 3911 690 4018 inguen
718 3903 796 4003 est,
814 3902 928 3988 incisa
954 3923 1069 4008 atque
1092 3915 1266 4002 remota,
1301 3907 1558 4012 peritonaeunr
1580 3913 1619 3988 in
1643 3903 1904 4012 conspedlum'

492 4037 499 4044 ’
546 4038 752 4128 veniebat,
776 4031 823 4114 ad
846 4029 1013 4138 speciein
1037 4029 1135 4110 sacci
1158 4029 1381 4126 dilatatum,
1417 4033 1484 4134 qui
1506 4035 1680 4116 arteriam
1703 4030 1898 4140 epigastri-
1929 4109 1964 4124 ,a

550 4187 660 4258 tam,
685 4157 800 4240 instar
821 4158 967 4240 hemia
990 4155 1234 4263 congenitae,
1266 4159 1480 4265 contegena'
1498 4158 1563 4265 (l)
1595 4179 1635 4241 et
1656 4159 1767 4264 supra
1791 4153 1922 4239 ssia'm'
1980 4143 1986 4154 ’

548 4283 871 4392 procedens,per
891 4283 1077 4366 annulum
1099 4280 1241 4364 didtam
1262 4281 1431 4368 fissuram
1453 4288 1604 4389 obliqui
1626 4287 1804 4376 externi,
1829 4309 1900 4366 an·

547 4431 587 4496 te
609 4407 693 4492 vasa
718 4409 938 4516 spermatico
963 4428 1003 4492 et
1036 4433 1103 4492 vas
1130 4407 1309 4492 deserens
1330 4409 1536 4495 descendit.
1593 4415 1717 4498 Hunc
1743 4411 1895 4494 saccum

547 4560 628 4622 non
652 4535 773 4620 solum
796 4539 1015 4620 membrana
1037 4535 1192 4632 dartos,
1220 4557 1358 4620 verum
1381 4557 1420 4618 et
1443 4521 1897 4642 e'remastercompledle-

546 4665 672 4750 botru.
741 4661 883 4758 Saccus
907 4665 981 4752 ille-
996 4663 1155 4754 herniae*
1171 4663 1457 4778 longitudinem
1492 4665 1628 4754 babuit
1660 4663 1782 4772 sesqui
1805 4659 1897 4870 polg:
