4722 5896
475 805 479 814 Ι
579 667 897 764 ossium
948 647 1593 764 uroauosoaunr.=
1700 683 1761 766 a»

235 933 239 942 ·
299 901 301 908 ’
383 899 770 1014 ‚urmiginosaem
804 919 888 988 tota
908 905 1134 1014 expansioni
1157 883 1350 992 tendioeae
1374 929 1414 992 m
1481 909 1635 994 ulomm
1657 933 1762 1020 genu

408 1027 706 1122 extendentium
727 1027 900 1114 inheret.
925 1030 1140 1132 incrassata
1162 1030 1331 1118 tendinis
1344 906 1550 1242 ρτοέξῖο
1571 1037 1764 1121 interserit

252 1154 260 1162 '
406 1155 453 1240 se
489 1154 868 1268 naufragarent,
911 1181 997 1262 qua
1026 1181 1143 1242 manu
1165 1158 1358 1269 cheirurgi
1393 1162 1501 1244 invic
1523 1185 1566 1266 ⁹nr
1601 1159 1764 1246 adduita
1825 1265 1828 1274 Ι

409 1281 598 1388 quidem,¹
632 1281 793 1368 sednon
812 1283 1128 1390 coartamneque
1150 1300 1263 1370 motu
1286 1285 1439 1369 articuli
1454 1285 1647 1394 disjuncta
1661 1285 1758 1371 sunt.

476 1497 660 1598 CCLIX-
695 1499 815 1584 Genu
836 1501 1019 1588 dextrum
1043 1503 1213 1588 hominis
1234 1503 1380 1603 adulti,
1415 1503 1455 1586 in
1482 1506 1644 1608 liquore.
1689 1505 1764 1587 Pa·

410 1629 505 1714 tella
527 1621 740 1712 transversa
760 1625 899 1711 fraila.
948 1627 1012 1713 Ex
1025 1646 1111 1714 toto
1132 1630 1392 1740 fragmentum
1415 1638 1436 1711 'a
1459 1628 1677 1738 fragmento
1703 1651 1763 1712 re·

406 1753 554 1850 omitt,
587 1751 653 1836 sed
683 1752 811 1836 media
833 1777 956 1859 eaque
989 1754 1105 1838 densa
1141 1757 1364 1865 membrana
1404 1754 1604 1838 tendinosa
1637 1755 1764 1842 cohae·

409 1893 512 1964 rent.
578 1873 855 1988 Fragmentum
876 1879 1075 1986 superius,
1096 1879 1249 1965 aoiione
1279 1879 1548 1967 musculorum
1570 1902 1674 1991 genu
1698 1904 1764 1966 ex·

405 2003 658 2107 *tendentium
675 2003 825 2090 sursum
853 2021 1042 2103 tractum,
1063 2009 1169 2114 parti.
1184 2005 1343 2090 femoris
1360 2007 1511 2114 priori,
1524 2029 1605 2091 non
1625 2031 1763 2116 parum

406 2127 523 2248 sirpra
544 2125 759 2234 condylos,
787 2127 954 2240 ¹foveam
977 2131 1189 2268 attereridq
1207 2133 1420 2244 impresllt„

479 2341 648 2432 CCLX.
684 2329 805 2426 Genu
834 2340 1027 2428 sinistrum
1060 2319 1442 2448 hominis'ejusdem.
1496 2316 1644 2426 'Patella
1666 2346 1766 2425 inte·

412 2495 503 2588 gra,
535 2469 601 2556 sed
636 2470 891 2580 ligamentum
924 2469 1046 2556 latum
1079 2465 1372 2576 coassumque·,·
1392 2492 1472 2574 quo
1498 2468 1620 2574 priori
1661 2473 1766 2576 parti

288 2665 302 2688 ,
410 2597 520 2682 tibiae
552 2595 791 2686 adheserat,
839 2589 994 2671 uitione
1028 2591 1291 2674 musculorum
1328 2615 1433 2700 genu
1471 2591 1765 2679 extendentium

348 2757 350 2761 ¹
407 2707 521 2831 iap‘su
553 2709 808 2826 disruptum
836 2712 1121 2825 Ig'it'ur'pate'lla
1150 2712 1294 2799 sursum
1322 2711 1484 2815 adacta,
1519 2735 1560 2801 et
1581 2717 1763 2802 articulus

411 2845 594 2968 nonnisi
616 2845 910 2928 membranacea
935 2837 1172 2946 expansione
1200 2858 1417 2926 contectus.
1486 2843 1673 2928 Praeterea
1706 2831 1765 2927 fe·

414 2999 503 3060 mur
498 2957 684 3098 oblique
709 2961 891 3051 fraiium.
937 2963 1000 3046 Os
1024 2961 1220 3045 inferius
1211 2989 1318 3069 pone
1338 2967 1510 3074 superius
1531 2973 1700 3066 elatum,
1723 2985 1763 3052 et

415 3084 725 3188 farrirminat'um.
781 3089 925 3176 Femur
953 3103 997 3170 et
1027 3091 1115 3200 crus
1150 3089 1482 3241 exulcerationum
1504 3093 1692 3204 vestigia
1697 3119 1763 3179 ex·

413 3227 568 3334 hibent

485 3447 666 3536 CCLXI.
701 3447 845 3532 Patella
857 3440 1014 3531 smrstra
1050 3441 1269 3554 Iuvenis,
1256 3472 1297 3532 rn
1317 3450 1407 3532 navi
1423 3469 1471 3532 ex
1497 3449 1575 3532 alto
1599 3447 1766 3542 cadens

408 3579 602 3690 pleraque
617 3577 693 3662 sibi
714 3578 887 3668 membra
909 3567 1115 3717 confregit.
1173 3571 1232 3654 Ut
1246 3591 1338 3691 erat
1359 3573 1547 3664 morosus
1566 3600 1612 3658 ac
1625 3569 1769 3658 diffisi

411 3709 494 3825 lias,
532 3703 678 3788 assidua
698 3703 872 3806 corporis
879 3681 1112 3818 agitatione
1124 3712 1175 3781 et
1195 3695 1395 3785 fasciarum
1418 3699 1669 3784 dissolutione
1693 3697 1770 3780 s
1713 3726 1770 3784 ra

412 3815 548 3912 umas
570 3817 797 3938 insanabiles
820 3820 1000 3918 fecerat:
1035 3821 1173 3931 quibus
1206 3822 1383 3928 plerique
1417 3824 1608 3907 abscessus
1639 3825 1768 3932 super·

420 3969 615 4040 venerunt
636 3968 677 4034 et
709 3948 867 4032 fistula:
901 3969 946 4026 ac
976 3943 1136 4027 tandem
1163 3941 1307 4028 misera
1332 3949 1424 4028 vitae
1454 3949 1735 4030 curriculum
1723 3973 1765 4031 rn

378 4175 384 4186 ,
420 4077 683 4166 hebdomades
719 4077 894 4180 quinque
928 4067 1146 4180 perduxit·
1177 4067 1562 4169 Cadaverdissecoi,
1592 4095 1630 4154 et
1664 4075 1764 4158 circa

379 4211 386 4218 '
422 4229 560 4292 omnes
593 4203 777 4290 fraiiuras
810 4196 1033 4304 incipientis
1066 4212 1106 4279 et
1122 4195 1205 4302 jaun
1235 4197 1354 4305 ccepti
1375 4197 1655 4296 calli'indicia,
1691 4225 1765 4285 nec

422 4357 504 4416 non
536 4353 711 4428 crenas‚·
726 4329 867 4413 futurae
892 4323 1098 4408 solutionis
1127 4323 1311 4408 omnium
1324 4326 1496 4433 capitum
1521 4323 1661 4414 ossrum
1691 4326 1768 4412 fra-

421 4457 603 4553 ctorum,
626 4481 648 4538 a
669 4471 804 4539 natura
822 4456 1006 4558 -incoeptae
1021 4467 1159 4546 ‚notas
1180 4447 1275 4532 vidi.
1309 4449 1454 4534 Patella
1474 4451 1675 4544 'exhibita
1699 4456 1767 4536 tri-

424 4583 559 4668 fariam
579 4577 723 4681 fruita,
756 4583 805 4665 ab
830 4578 1005 4661 interiori
1026 4594 1134 4682 parte
1158 4575 1416 4687 cartilaginosa
1437 4579 1531 4660 hinc
1552 4577 1643 4661 inde
1664 4579 1769 4664 erosa

410 4733 552 4827 qrure,
578 4707 736 4818 quod
723 4726 844 4792 anter
853 4704 1068 4854 fragmenta
1102 4701 1215 4790 foras
1246 4703 1392 4792 exitum
1424 4704 1608 4814 queunt
1675 4699 1769 4786 Fra·

1098 4827 1182 4914 L·
1227 4879 1233 4893 ·
1308 4873 1315 4890 ·
1376 4885 1381 4896 ·
1632 4841 1767 4942 g'nren·
