4722 5896
595 683 1549 796 osstuntnrounosortour.
1680 712 1744 804 47

389 911 605 1026 confregit.
657 913 749 998 Pars
774 933 909 996 monus
926 933 1027 996 cum
1064 909 1195 1020 digitis
1224 907 1383 1017 dejecta.
1427 911 1518 994 Pars
1542 911 1682 1012 altera,
1705 913 1773 1008 in,

362 1073 365 1078 ¹
394 1045 517 1154 pugni
543 1041 710 1150 specIem
733 1055 943 1137 concretu,
968 1039 1247 1142 quam,vari0s
1269 1040 1309 1119 iu
1325 1036 1439 1134 usus,
1463 1038 1661 1160 ingeniose
1681 1037 1748 1124 ad·

261 1235 263 1240 .
394 1171 532 1253 hibere
553 1167 740 1252 didicerat
765 1190 881 1275 eger.
913 1165 970 1248 Os
994 1164 1140 1248 brachii
1166 1185 1374 1269 utrumque
1397 1160 1563 1248 fredum
1586 1185 1625 1250 et
1647 1168 1747 1251 callo

394 1299 638 1406 glutinatum.
662 1292 852 1378 Fradttuae
873 1293 1031 1396 oquuae.
1054 1289 1150 1374 Ossa
1170 1292 1276 1399 carpi
1289 1289 1529 1388 deformata,
1543 1303 1745 1390 concrete,
1864 1345 1867 1352 -

394 1422 435 1507 in
458 1441 608 1532 partem
633 1423 864 1506 exteriorem
897 1419 1134 1529 prominent.
1202 1418 1333 1501 Callus
1359 1417 1653 1525 circumpositus
1685 1414 1750 1502 fo·
1846 1471 1849 1479 ,

394 1569 524 1648 ratus,
555 1569 674 1654 atque
695 1545 924 1646 substantia,
967 1545 1071 1655 adipi
1092 1543 1250 1644 fimilis,
1282 1547 1324 1627 in
1346 1543 1533 1631 cadavere
1553 1541 1746 1629 foramina

393 1680 638 1787 oppleverat.-
881 1685 883 1692 '

460 1891 724 1978 CXXXVIII.
749 1895 1044 1983 Raditudext‘er
1064 1921 1153 1984 cum
1175 1919 1293 2005 carpo
1305 1913 1520 1981 concretus.
1539 1895 1630 1980 Pars
1652 1892 1751 1980 rndIi

393 2021 568 2118 sinuata,
603 2045 691 2126 quae
708 2039 899 2108 coeterum
923 2049 1014 2108 cum
1042 2025 1216 2132 capitulo
1239 2025 1341 2106 ulnae
1368 2022 1657 2118 committitur,
1688 2045 1753 2104 ca·

393 2149 451 2231 rie
471 2141 615 2256 partirn'
635 2145 771 2249 exesa,
784 2145 1074 2247 intumescens,
1097 2151 1199 2233 callo
1219 2148 1405 2233 obducta.
1441 2142 1537 2231 Os'sa
1563 2147 1669 2256 carpi
1688 2146 1751 2229 in·

395 2291 455 2358 ter
475 2275 540 2373 se,
576 2290 617 2356 et
630 2298 706 2380 qua
726 2293 837 2384 parte
861 2299 954 2362 cum
975 2275 1083 2363 radio
1107 2271 1430 2370 committuntur,
1464 2274 1517 2356 ita
1542 2275 1749 2384 coierunt,

394 2417 441 2484 ut
464 2397 646 2510 distingui
666 2404 733 2484 vix
752 2403 913 2509 possrot'.
947 2401 1103 2512 Digiti,
1128 2404 1197 2508 qui
1222 2400 1354 2484 medio
1378 2401 1478 2481 calio
1513 2414 1604 2488 cum
1634 2419 1754 2512 carpo

396 2520 656 2624 cohssaesernnt,
671 2522 788 2610 fracti
809 2525 1093 2615 desiderantur.

463 2759 682 2851 CXXXIX.
696 2759 754 2846 Os
765 2761 916 2848 bruchii
925 2739 1135 2867 utrumque
1145 2778 1263 2866 atque
1275 2783 1411 2848 manus
1422 2762 1571 2862 dextra,
1584 2765 1750 2853 concrei

397 2907 447 2976 ts.
482 2892 591 2980 UIna
609 2907 651 2974 et
671 2889 823 2994 radius,
844 2906 1040 2998 parteque
1064 2909 1358 2996 componuntur
1377 2889 1592 2998 posteriore
1619 2893 1752 2980 dehis·

397 3034 519 3120 cunt3
551 3041 626 3124 qua
647 3015 831 3098 interiore
852 3018 1006 3099 coalita.
1052 3015 1201 3122 Cnrpus
1227 3033 1335 3120 parte
1359 3019 1550 3102 exteriore
1572 3017 1718 3103 sinuata
1730 3039 1749 3120 ς

394 3161 505 3252 parte
524 3141 712 3229 interiore
735 3141 861 3245 plana.
907 3139 968 3223 Os
992 3137 1201 3246 metacnrpi
1226 3135 1335 3248 digiti
1359 3142 1580 3225 auricularis
1603 3143 1750 3228 deside-

395 3285 511 3352 ratur.
554 3267 726 3370 Reliqua
746 3267 849 3351 inter
868 3263 911 3350 sc
932 3283 973 3349 et
998 3288 1090 3351 cum
1111 3285 1230 3372 carpo
1262 3267 1416 3351 coalita.
1462 3265 1617 3354 Pontus
1651 3266 1750 3355 radii

251 3391 254 3398 ’
394 3391 482 3484 fere
508 3397 551 3480 in
570 3391 817 3504 promotione.

461 3609 587 3698 CXL.
620 3611 797 3704 Radius,
820 3635 985 3721 carpus,
1008 3630 1252 3722 metncarpus
1266 3629 1307 3695 et
1327 3637 1373 3697 ns
1386 3613 1540 3720 pollicis
1555 3617 1748 3724 primum,
1894 3723 1899 3732 ὑ

396 3756 593 3824 concreta.
628 3739 778 3844 Carpus
800 3739 947 3838 flexus,
969 3765 1029 3846 pa.
1039 3759 1078 3822 te
1093 3743 1279 3825 interiore
1299 3743 1467 3850 gibbus,
1483 3745 1673 3852 exteriore
1700 3743 1750 3826 sr-

395 3882 561 3959 nuatns,
605 3863 793 3969 imprimis
823 3865 892 3946 ubi
924 3865 1146 3947 naviculare
1182 3889 1273 3948 cum
1317 3867 1565 3976 multangolo'
1601 3867 1747 3970 majore

395 3987 661 4099 componitur.
706 3985 765 4068 Os
785 3987 938 4096 pollicis
957 3988 1127 4097 primurn
1140 4043 1151 4080 ,
1164 3988 1390 4084 extensum,
1409 3981 1500 4073 curn
1522 4011 1744 4099 metncnrpo

373 4115 611 4217 concrevit.
636 4113 773 4198 Tuber
792 4115 913 4212 radii,
948 4115 1013 4198 cui
1039 4113 1159 4199 tendo
1179 4114 1350 4222 bicipitis
1374 4116 1521 4199 brachii
1552 4119 1748 4226 affigitur,

400 4239 622 4348 depressum
642 4258 683 4326 et
703 4245 1017 4351 complanatum:
1049 4239 1155 4327 unde
1185 4243 1378 4350 conjicere
1398 4245 1514 4344 licet,
1535 4247 1684 4332 radium
1705 4247 1747 4330 in

393 4369 631 4483 promotione
650 4367 820 4480 positum
843 4365 975 4454 fuisse.
1613 4393 1619 4409 ·

479 4576 605 4652 Trioen
625 4577 696 4652 obs.
718 4579 784 4652 tub.
804 4597 838 4661 9.
851 4577 971 4652 Bnffon
984 4579 1057 4654 cab.
1071 4581 1117 4654 du
1130 4577 1207 4671 Roy
1223 4599 1302 4654 torn.
1323 4601 1354 4670 3.
1374 4575 1464 4654 nunt.
1489 4583 1639 4656 noruod.

1598 4791 1740 4881 CXLI.
