4722 5896
609 625 1557 767 os'sruunronnosonuu.
1691 701 1748 788 33

409 889 539 985 festini
571 893 610 978 se
643 893 769 981 rursus
802 895 1039 1004 expandens,
1073 900 1178 982 mole
1212 913 1253 982 et
1280 895 1454 1006 pondere
1486 900 1752 1006 complanata,

410 1023 543 1109 medio
563 1024 657 1114 loco
677 1025 891 1108 exulcerata
915 1024 1149 1130 erat3idque
1164 1027 1299 1121 ulcus,
1323 1021 1627 1106 contrectatione
1650 1047 1759 1132 aper·

410 1151 698 1248 tumnnulturn
717 1147 832 1236 saniei
852 1148 1149 1236 subrubicunda
1175 1153 1273 1234 nihil
1298 1149 1439 1232 olentis
1462 1149 1611 1248 emisit,
1634 1169 1757 1254 eaque

354 1355 360 1360 .
409 1275 528 1360 effusa
551 1276 707 1361 demum
755 1275 1060 1387 cognoscebatur
1101 1295 1320 1372 tumorem,
1347 1273 1577 1358 extrinsecus
1591 1275 1756 1382 gibbum

383 1402 640 1518 intrinsecus
676 1400 756 1484 esse
794 1425 1027 1488 concavum.
1094 1401 1409 1510 Integumentum
1444 1399 1605 1506 hujusce
1639 1403 1758 1507 partis

410 1531 670 1616 exulceranun
682 1583 696 1626 ‚
720 1546 761 1611 et
792 1530 912 1644 magis
942 1525 1105 1612 incisum
1136 1544 1251 1632 atque
1271 1523 1496 1622 diduiium,
1519 1543 1654 1634 praeter
1690 1549 1757 1608 cu·

339 1713 343 1724 .
409 1658 509 1750 tim,
543 1659 679 1763 arteria
706 1673 746 1736 et
767 1661 881 1738 ‘vena
922 1655 1062 1738 murali
1117 1653 1401 1764 pinguetudine
1437 1649 1621 1734 concreta
1643 1667 1759 1756 atque

377 1769 518 1860 'testis
550 1778 665 1859 osseis
702 1779 950 1862 tenuioribus
991 1777 1180 1862 refertum
1222 1794 1339 1871 erat,
1384 1777 1545 1880 ejusque
1582 1796 1758 1884 apertura

357 1933 362 1944 ·
407 1899 486 2010 jam
520 1897 838 2006 conspiciendum
851 1900 1049 2005 praebebat
1069 1899 1411 1988 cavum'intimum
1435 1918 1475 1981 et
1496 1901 1660 2010 ingens,
1694 1918 1758 1982 ut·

410 2041 506 2136 pote
569 2020 677 2128 quod
720 2025 825 2106 intus
861 2046 953 2106 xxx.
986 2025 1147 2128 liquoris
1175 2027 1308 2108 uncias
1331 2027 1533 2108 continere
1568 2043 1758 2132 poterat3

410 2168 572 2254 eratque
592 2152 641 2234 ab
665 2148 913 2234 interioribus
934 2152 1110 2257 partibus
1134 2149 1350 2235 oblinitum
1365 2152 1526 2235 materie
1549 2147 1756 2258 percrassa,
1880 2243 1883 2248 ,

259 2291 268 2308 ’
410 2273 859 2389 glutinosa,subalbida,
881 2276 988 2358 melli
1011 2275 1212 2361 sublimilis
1226 2333 1239 2374 ,
1255 2287 1414 2382 patiano
1433 2276 1670 2374 nominatur,
1694 2278 1760 2360 cui

412 2402 519 2507 quast
540 2402 815 2486 membranulae
834 2399 997 2506 pensiles
1019 2402 1269 2484 inherebant.
1331 2403 1586 2482 Involucrum
1610 2399 1760 2482 crassis.

411 2526 577 2611 fimum,
599 2522 671 2605 sub
694 2520 837 2596 crusta.
852 2520 960 2596 ossea
990 2521 1133 2600 saniem
1165 2521 1393 2617 includens,
1419 2545 1468 2601 ex
1490 2522 1760 2628 pinguitudine

412 2658 621 2738 concreta,
654 2637 795 2736 fibris,
833 2640 1108 2726 membranulis
1141 2659 1259 2744 atque
1289 2644 1450 2728 lamellis
1480 2648 1758 2756 cartilagineis,

413 2773 522 2858 varie
563 2763 684 2852 mistis
728 2780 770 2847 et
813 2764 1030 2846 intertextis
1095 2765 1325 2868 constabat,
1376 2785 1415 2850 ct
1455 2793 1521 2851 ux.
1558 2774 1760 2859 unciarum
1864 2833 1866 2836 -

413 2893 569 3010 pondus
601 2892 788 3000 aequabat.
847 2887 955 2973 Inter
974 2907 1122 2997 partem
1145 2889 1307 2996 hujusce
1328 2895 1522 2978 involucri
1544 2921 1759 2984 convexam

415 3043 458 3105 et
482 3019 616 3101 erustae
637 3015 752 3097 osseae
773 3037 984 3096 concavam
1008 3018 1253 3098 intervallum
1268 3020 1580 3120 relinquebatur,
1616 3025 1656 3104 in
1681 3049 1761 3126 quo
1799 3117 1805 3126 ‚

314 3207 317 3216 .
414 3143 546 3230 tenuis
569 3138 746 3247 subnigra
771 3153 811 3219 et
833 3139 924 3219 mali
950 3137 1081 3220 odoris
1102 3137 1290 3245 pulticula
1315 3144 1589 3249 reperiebatur.
1625 3146 1763 3251 Itaque

414 3265 623 3355 verisimile
643 3261 791 3362 visum,
825 3285 869 3343 os
895 3260 1054 3348 femoris
1079 3263 1264 3360 interius,
1281 3264 1362 3351 live
1383 3265 1763 3371 medullosnm‚cor.
1883 3297 1910 3316 ,.

417 3409 575 3501 ruptum
607 3391 648 3472 in
688 3391 788 3472 hanc
813 3389 1039 3496 pulticulam
1071 3387 1187 3472 fuisse
1220 3393 1484 3494 conversum,
1530 3396 1764 3503 praesertim,

418 3543 538 3628 quum
560 3517 676 3600 nullae
710 3509 793 3600 aliae
816 3512 976 3618 hujusce
997 3517 1123 3600 vitiati
1157 3517 1249 3601 ossrs
1272 3519 1442 3623 reliquiae
1465 3510 1766 3628 reperiebantur.

366 3740 368 3750 ,
419 3647 639 3751 Compages
660 3641 789 3756 ossea,
811 3642 970 3722 cultello
1000 3661 1156 3752 purgata
1189 3661 1304 3747 atquo
1336 3649 1465 3744 elota,
1490 3645 1614 3730 sedern
1639 3653 1766 3736 morbi

422 3770 629 3852 indicabat.
697 3764 885 3866 Namque
928 3761 1093 3859 femur,
1130 3772 1247 3868 paulo
1279 3769 1440 3852 inferius
1484 3797 1598 3874 quom
1633 3777 1702 3858 trbi
1725 3775 1764 3858 id

418 3891 592 3978 medium
619 3885 697 3982 est,
733 3887 948 3967 meditullio
971 3891 1190 3996 corruptela
1211 3893 1388 3975 orbatum
1421 3913 1460 3972 et
1482 3899 1519 3975 in
1543 3921 1679 3978 cavum
1703 3916 1763 3980 lu·

387 4018 539 4103 ‘moris
562 4011 763 4120 pervium,
797 4013 984 4096 corticem
1007 4009 1219 4117 expandit,
1255 4019 1347 4130 qui,
1372 4016 1553 4122 periostlo
1582 4023 1646 4104 vel
1671 4025 1762 4109 huic

421 4142 575 4228 assimili
596 4137 845 4235 membrana,
881 4162 956 4242 qua
977 4129 1389 4250 cute‘contegebatur,
1423 4143 1608 4246 vellitus,
1642 4147 1761 4234 assur·

422 4268 551 4380 gendo
582 4262 798 4372 procedens
834 4265 1029 4372 insigniter
1052 4263 1221 4362 latescit,
1256 4269 1305 4350 ab
1331 4289 1497 4372 utroque
1523 4274 1641 4356 latere
1666 4300 1764 4358 mar·

421 4395 513 4504 gine
536 4393 713 4472 tenuiore
736 4385 899 4488 finitur,
935 4409 974 4473 et
1005 4393 1081 4474 ima
1112 4409 1219 4499 parte
1243 4395 1390 4477 cortice
1415 4397 1672 4500 condylorum
1694 4427 1762 4485 an·

313 4551 319 4560 ·
423 4520 565 4603 teriore
588 4518 838 4614 terminatum
872 4539 1038 4624 namque
1062 4518 1185 4600 crusta
1209 4518 1463 4620 condylorum
1496 4503 1763 4636 cartilaginea,

420 4662 628 4755 partesque
650 4663 779 4728 earum
804 4643 1010 4745 laterales,
1041 4646 1136 4749 quin
1175 4659 1214 4730 ot
1248 4643 1326 4762 ipsa
1352 4645 1585 4737 construnio
1615 4650 1766 4758 condy.

1091 4765 1129 4886 Ε
1707 4784 1766 4868 lo·
