4738 5880
616 647 1509 750 os‘srunrurouuos·ouuur.·
1571 738 1573 742 ,
1686 665 1773 790 aa,

425 871 598 975 finuata'r
626 873 844 982 superiora,
867 873 997 956 teneri.
1013 867 1154 958 fibroso
1175 868 1406 964 calioosseo
1430 870 1649 968 obturata,
1674 865 1779 952 infe·
1881 871 1886 883 “

419 1000 591 1116 rioribus
616 1019 774 1112 recepta
795 999 983 1086 visuntur.
1073 1027 1079 1074 ι

453 1171 676 1262 cDXxi
710 1177 824 1262 Pare.
842 1179 963 1265 tibio.
984 1192 1038 1258 ει
1049 1170 1186 1260 fiburae
1216 1172 1368 1258 dextra.
1397 1193 1486 1258 cum
1512 1171 1590 1256 stris
1622 1171 1773 1282 smegma

311 1391 316 1394 ,
421 1275 597 1395 mentis,
601 1281 757 1388 media
773 1305 843 1390 sub
867 1328 972 1417 genu
993 1284 1218 1408 amputata,
1252 1302 1292 1387 in
1308 1299 1451 1402 liquori
1467 1297 1646 1404 limpido.
1679 1297 1775 1380 Para

423 1419 607 1508 crurisrn
566 1423 731 1546 inferior
749 1427 930 1532 funiculo
952 1429 1151 1514 inchoraii
1182 1425 1423 1532 illaqueata,
1443 1423 1551 1511 dum
1559 1423 1683 1518 soluta
1703 1447 1773 1510 aua

422 1523 543 1632 chora'
562 1547 743 1638 fundum
757 1555 927 1640 fluminis
961 1557 1088 1662 petit,
1122 1555 1283 1658 abrupta
1307 1549 1447 1632 suerat.
1505 1550 1688 1638 Truncus
1709 1547 1771 1632 su·

325 1721 332 1735 ·
416 1671 611 1798 persico,
624 1657 744 1765 marsa
756 1705 917 1768 carnea
929 1700 971 1766 et
1001 1668 1167 1798 fungosa
1198 1697 1411 1818 utcmuque
1431 1671 1671 1779 obductus,
1681 1698 1769 1788 per·

415 1818 540 1911 petuo
565 1772 745 1932 lympha
759 1795 961 1892 stillicidio
975 1807 1024 1890 ad
1057 1791 1335 1898 inducendum
1357 1799 1577 1886 cicatricem
1603 1801 1772 1910 perduci

415 1917 520 2008 haud
551 1949 714 2034 poterat.
770 1933 899 2042 Igitur
914 1957 1014 2043 ager
1030 1985 1043 2030 ,
1058 1951 1107 2014 ex
1131 1923 1333 2014 onuurno
1345 1927 1484 2010 morbo
1513 1924 1774 2031 infirmus,ec

414 2053 601 2156 exemplis
632 2053 758 2154 felicis
791 2061 1000 2140 curationis
1036 2059 1199 2140 aliorum
1220 2054 1766 2157 incitatam-amputationem

179 2280 184 2288 ·
352 2218 354 2222 .
413 2175 630 2280 expetivit:
663 2204 739 2283 qua
754 2179 923 2264 feliciter
942 2178 1096 2288 perusia
1119 2199 1241 2287 aeger,
1269 2177 1395 2260 statim
1421 2177 1470 2260 ab
1496 2180 1779 2284 amputatione·

412 2315 472 2416 st:
487 2302 593 2418 ingei-
612 2306 799 2414 optituam
832 2311 951 2414 plaga
979 2305 1292 2411 suppurationem
1306 2308 1338 2396 ‚t
1356 2302 1456 2384 vires
1487 2305 1729 2409 recuperavit
1747 2328 1778 2402 ;.

408 2423 570 2536 immor-
591 2427 853 2542 quoosrapiuc
874 2427 1118 2523 accidit,.ad
1139 2426 1392 2530 picrhoricam
1418 2430 1597 2533 corporis⁸
1612 2424 1772 2526 robusti

407 2551 584 2668 uigorem
596 2557 812 2662 peruenit,
845 2554 897 2636 ira
912 2546 962 2658 ¹ut
979 2547 1264 2662 ycnaesectiooe
1284 2551 1452 2656 repetita
1469 2549 1524 2664 iiii
1546 2574 1644 2658 opus
1664 2549 1759 2636 fuit.

406 2673 563 2784 Partem
584 2679 848 2786 amputatione
869 2676 1054 2760 sublatam
1075 2677 1314 2772 examinavi,
1348 2693 1391 2756 ut
1415 2677 1456 2757 in
1482 2675 1765 2786 caussaeiiiiiia¹

407 2801 502 2882 cidii
529 2806 779 2907 inquirerem.
810 2851 831 2873 ·-
846 2803 986 2886 Inveni
1023 2819 1151 2886 autem
1188 2805 1313 2909 capita
1346 2802 1451 2885 tibiae
1485 2819 1603 2904 atque
1627 2802 1758 2889 sibula

407 2927 578 3025 tumida,
610 2927 832 3034 squamosa,
866 2927 1004 3036 sqamie
1035 2947 1152 3032 atque
1173 2928 1291 3036 spinis
1316 2925 1432 3010 osseis
1456 2925 1603 3026 obsrta,
1637 2929 1756 3014 inha-

404 3073 490 3134 rere
520 3071 561 3134 et
592 3053 696 3136 ardie
718 3041 914 3142 cohaerere
944 3047 1035 3142 cum
1068 3051 1238 3138 deformi
1277 3053 1389 3136 moisi
1419 3049 1581 3159 suugoss
1610 3077 1765 3156 carne„

369 3213 373 3220 ’
404 3199 489 3280 quae
510 3178 681 3284 periostii
706 3199 825 3286 atque
859 3179 1059 3264 celluiose
1074 3181 1162 3260 teiae
1194 3177 1443 3266 subcutaneo
1472 3173 1679 3281 productio
1710 3197 1763 3263 et¹

403 3303 647 3386 continuatio
668 3303 739 3390 esta
771 3305 891 3390 Partis
916 3308 1021 3389 tibia
1040 3303 1138 3388 serra
1159 3303 1303 3386 diffissa
1337 3318 1453 3407 caput
1473 3297 1633 3410 figuram
1655 3301 1761 3388 coni'

401 3427 532 3512 habet
579 3430 748 3561 Capaiis
756 3431 975 3528 medullaris
999 3433 1048 3516 ab
1080 3431 1202 3520 omni
1209 3445 1321 3534 parte
1351 3427 1414 3510 ad
1424 3425 1497 3510 se
1485 3428 1675 3524 rovicem
1685 3455 1750 3514 ac·

229 3634 234 3644 ,
352 3615 354 3618 -
400 3520 653 3646 cedentibus
661 3556 769 3644 fibris
789 3577 908 3662 atquo
927 3555 1081 3642 laminis
1114 3554 1325 3650 relaxatis,-
1316 3553 1502 3661 -peoitus
1527 3555 1761 3642 obturatum·

401 3676 519 3760 Caro
514 3677 700 3786 fungosa
696 3702 820 3786 caput
844 3683 938 3772 oasrs
959 3681 1110 3778 ambit,
1133 3677 1202 3766 sub
1228 3703 1306 3784 qua
1327 3697 1461 3762 cortex
1482 3680 1600 3776 ossis,
1623 3684 1742 3768 ratior

262 3809 267 3816 '
398 3798 522 3884 sacius
566 3824 608 3882 et
649 3803 913 3892 suescimus
935 3855 960 3902 ,.
991 3805 1109 3888 nome
1143 3803 1260 3886 osseis
1291 3803 1421 3890 solidis
1453 3803 1629 3906 squamis*
1647 3806 1753 3890 huic.

398 3927 502 4010 carni
524 3925 696 4042 inhaeret,

413 4105 942 4236 comicorum
985 4145 1091 4234 Ossae
1139 4144 1305 4234 semoris
1342 4149 1505 4234 truncati
1541 4149 1748 4234 orbiculus

395 4288 624 4374 extremus,
668 4293 892 4376 emortuus,
925 4273 1188 4358 succrescente
1224 4297 1338 4358 carne
1377 4275 1512 4358 callosa
1548 4275 1751 4358 exclusus.

393 4401 625 4504 Amputatio
647 4397 748 4484 facia
784 4401 839 4486 est
869 4397 1003 4484 mense
1037 4399 1196 4510 augusto
1219 4403 1311 4484 anni
1351 4405 1502 4503 1781,
1550 4398 1736 4508 separatio
1843 4501 1846 4510 Ι

392 4517 524 4608 mense'
543 4523 744 4612 decembri
769 4531 905 4633 naar.
941 4523 1299 4632 Femoriaejusdem
1323 4523 1427 4608 testa
1441 4529 1598 4610 tenuior
1621 4532 1739 4632 quin·

392 4673 470 4755 que
491 4653 680 4760 pollicum
699 4655 851 4736 rhenos
873 4654 1057 4756 utrinque
1077 4651 1312 4761 pumicosa,
1331 4651 1394 4732 die
1415 4673 1467 4732 ro
1495 4655 1622 4736 martii
1635 4654 1751 4735 anni:

396 4779 535 4882 1783.
566 4803 687 4886 quum
711 4781 891 4883 labaret,
924 4773 1079 4878 evulsa,
1110 4803 1185 4888 qua
1221 4771 1402 4864 orbiculo
1435 4797 1611 4864 extremo
1640 4801 1736 4866 mox

752 4923 831 4970 -’
963 4903 1081 5018 Qt
1668 4903 1738 4990 de·
