4722 5896
563 633 882 750 ossruiu
935 649 1599 784 Mortuosou'uu..
1660 681 1740 766 aaa

991 817 1002 856 i

398 879 453 954 oe
468 877 586 953 orium
609 877 705 967 pubis
727 877 849 948 coalitu
874 874 1042 966 speciatim
1064 881 1121 951 lib.
1145 897 1253 975 rptg.
1279 897 1359 966 roo,
1380 880 1437 951 ubi
1454 881 1496 950 de
1512 877 1605 964 inira
1621 879 1747 969 posibi-

398 966 618 1044 liratet-iib.
636 983 668 1034 2.
683 981 754 1049 cap·
768 963 809 1032 6.·
825 982 898 1051 pag.
916 978 982 1050 ¹¹5·
1000 966 1066 1033 reb.
1081 964 1115 1035 8.
1135 965 1189 1058 fig.
1208 984 1245 1044 1.
1269 985 1300 1036 a.
1318 968 1361 1034 de
1375 966 1527 1054 exemplo
1541 984 1574 1032 rn
1590 965 1678 1049 pelvi
1699 965 1749 1032 vi·

381 1051 453 1119 ‘riii
465 1069 525 1102 ·-·
539 1048 597 1118 lib.
612 1067 645 1134 4.
664 1067 734 1134 cap.
754 1063 804 1114 re.
823 1065 894 1132 pag.
915 1062 1092 1133 119-124.
1112 1051 1154 1116 de
1174 1049 1306 1120 raritate
1328 1049 1403 1120 caiis‘
1439 1048 1624 1136 speciminis
1669 1049 1746 1138 agit.

397 1131 428 1219 J.
450 1093 495 1200 s.
516 1150 578 1200 van
596 1135 638 1200 de
655 1128 879 1224 Wynpcrsse,
901 1140 986 1200 meu.
1000 1133 1080 1201 stud.
1101 1131 1370 1202 Dissertationum
1395 1135 1612 1203 academicam
1638 1131 1679 1200 de
1696 1151 1750 1197 an·

385 1214 519 1310 Ιεςκιίῑ,
541 1213 606 1282 five
619 1209 877 1301 pretemautraii
897 1217 1109 1308 artictdoruna
1123 1213 1380 1308 obrigescentia‚
1401 1215 1508 1308 Lugd.
1524 1215 1596 1286 Bet.
1611 1213 1744 1304 publice

220 1375 280 1402 ·.
398 1317 504 1408 opper-
525 1298 684 1370 defendit.
802 1369 805 1375 .

374 1491 468 1579 μ’
622 1423 1535 1561 ttetmureuauattereaaata'

507 1659 708 1824 'uereor
735 1660 944 1784 ossrunr
978 1711 1045 1782 aa
1082 1708 1302 1801 ruJunra
1346 1712 1626 1786 uxrnaua.

427 1983 433 1990 -
503 1933 508 1940 '
584 1939 857 2012 uunuttna'
885 1937 954 2012 ur
985 1944 1286 2015 rnacrunm
1321 1946 1549 2022 carrera.

467 2162 674 2254 CXLVII.
710 2139 896 2256 Caluetiae
930 2190 1017 2277 pars
1052 2165 1237 2276 superior.
1298 2165 1469 2250 Cicatrix
1487 2107 1676 2272 -oblongn
1709 2179 1751 2250 et
1795 2159 1803 2180 ‘

248 2269 257 2280 ’
400 2315 574 2388 concava
594 2291 800 2404 vestigium
822 2295 980 2380 exhibet
1005 2295 1210 2390 vulneris,
1244 2292 1368 2380 caesrm
1408 2287 1544 2375 inflicii
1572 2287 1645 2374 osii
1665 2311 1751 2370 ver-

402 2419 490 2502 ticia
510 2417 661 2505 dextro.
715 2419 942 2502 Penetravit
963 2420 1104 2500 vulnus
1136 2417 1183 2497 ad
1219 2416 1380 2522 dipioiin
1419 2437 1555 2520 usque.
1617 2413 1749 2498 cauus

400 2542 551 2631 luorum
574 2543 754 2652 replevit
804 2543 862 2624 Oa
880 2540 1022 2634 frontis
1034 2539 1288 2645 depressione
1309 2553 1500 2622 notatum.
1615 2555 1629 2578 ·’

470 2739 693 2854 ΟΧΪΜΙΙ.
728 2767 819 2852 Pers
841 2766 1014 2852 calvarie
1034 2764 1208 2876 superior
1231 2823 1245 2865 ,
1266 2771 1359 2866 cui,
1382 2767 1537 2852 duobus
1560 2769 1601 2852 in
1625 2767 1749 2879 iocis,

404 2918 493 3008 para
513 2893 603 2990 ense
624 2892 809 2990 abscissa,
825 2891 891 2976 seu
913 2893 1096 3000 circulata
1117 2893 1256 3002 glande
1276 2896 1400 2980 abiate
1432 2891 1520 2980 fuit.
1590 2895 1684 2979 Uno
1704 2899 1753 2980 ab

405 3017 491 3106 osse
510 2997 817 3123 frontispprope
839 3015 1006 3100 suturant
1026 3015 1260 3126 sagittarum,
1277 3019 1496 3126 triangulari
1520 3017 1652 3104 relidia
1673 3023 1755 3126 pia·

405 3142 770 3256 ga.quae‚cruciaii
785 3138 955 3224 sediione
979 3143 1332 3250 integumentorum
1358 3137 1574 3240 denudata,
1595 3147 1673 3226 aeri
1694 3144 1756 3224 ni·

401 3270 480 3356 mis
502 3267 703 3376 exposita,
737 3265 881 3352 flavum
912 3265 1041 3350 induit
1071 3269 1256 3350 colorem.
1324 3269 1457 3350 Altera
1479 3267 1530 3350 de
1560 3271 1643 3352 osse
1668 3290 1755 3350 ver·
1873 3325 1882 3352 .

322 3495 324 3499 ,
407 3396 495 3480 ticia
525 3391 689 3490 dextro,
723 3417 835 3496 que,
868 3391 1053 3499 periostio
1073 3391 1278 3491 destituta,
1311 3391 1539 3500 separationi
1575 3395 1755 3502 proxima

260 3631 267 3644 κ
407 3519 514 3608 fuit:
528 3519 655 3606 media
678 3520 789 3604 enirn
807 3517 888 3624 ejus
910 3541 996 3625 para
1015 3505 1158 3602 'elatior
1177 3517 1259 3618 est,
1276 3535 1316 3602 et
1338 3519 1652 3608 circumferentia
1673 3541 1757 3610 cte·

408 3671 500 3736 nam
521 3645 717 3742 ostendit,
751 3647 859 3752 poris
880 3663 1065 3770 notatam.

452 3864 661 3962 ..CXLIX
692 3869 784 3954 Pars
805 3872 977 3956 calvariae
1003 3869 1187 3978 superior.
1233 3867 1384 3954 Vertex
1404 3871 1597 3972 summus,
1629 3901 1755 3982 quon·

411 3994 500 4080 darn
524 3997 705 4103 ejaculata
735 3996 898 4114 glandes
907 3995 1135 4103 percussus,
1170 4011 1209 4078 et
1255 4019 1361 4082 nunc
1393 4023 1464 4106 per
1499 4001 1633 4101 orbem
1669 4002 1754 4086 sere

411 4122 589 4240 solutor,
622 4124 774 4226 reliquo
797 4123 872 4206 ossr
896 4146 977 4206 non
1000 4121 1072 4206 nisr
1098 4109 1241 4204 acui'eis
1275 4121 1394 4206 osseis
1414 4123 1594 4210 adheret.
1641 4129 1756 4212 Rima

411 4248 668 4343 orbicularis,
716 4248 890 4346 serrata,
925 4273 973 4332 ex
1009 4248 1184 4332 interiori
1215 4269 1326 4356 perte
1370 4269 1486 4356 atquc
1520 4253 1751 4338 extrinsecus

412 4392 546 4479 coeptae
567 4373 771 4486 solutionis
795 4373 944 4460 cursum
983 4375 1128 4462 indicat
1165 4371 1254 4490 (a).
1298 4377 1439 4462 Sutura
1473 4377 1653 4490 sagittulis
1683 4401 1755 4488 pet

411 4497 584 4584 medium
609 4501 655 4582 os
678 4501 855 4608 procedit
873 4499 962 4614 (i).
1036 4513 1040 4522 '
1627 4505 1632 4514 '

453 4711 515 4806 (a)
534 4709 662 4786 Similes
678 4709 855 4784 solutiones
869 4710 1071 4866 orbiculat&
1085 4707 1271 4784 describunt
1284 4711 1419 4785 Seviard
1434 4711 1561 4787 observ·
1581 4729 1634 4804 90.
1653 4711 1757 4784 Paifin

1680 4817 1755 4868 aua·
