4722 5896
564 669 626 738 m
932 645 1545 765 rnnsnunus

567 875 774 960 Vertebrae
789 875 1034 975 lumborum,
1059 901 1220 983 quarunt
1235 879 1350 986 spinae
1372 876 1479 962 adse
1501 879 1672 966 invicem
1690 877 1911 982 accedunt,

565 1001 611 1084 ad
637 1005 818 1123 angulum
841 1005 1052 1089 acutiorem
1084 1029 1173 1090 cunr
1197 1003 1304 1087 sacro
1326 1005 1629 1115 conjunguntur.
1667 1005 1785 1092 Corra
1811 1011 1910 1091 utri-

563 1151 687 1231 usque
728 1125 819 1236 (rrn.
861 1130 969 1240 rtur.)
1003 1132 1113 1215 ilium
1157 1129 1443 1237 compressum,
1468 1155 1709 1246 concavum
1747 1131 1907 1217 iscbium

565 1255 605 1336 in
631 1256 860 1341 anteriorem
883 1277 1032 1362 partern
1055 1258 1324 1358 incurvatum
1346 1258 1460 1377 pubis
1482 1282 1528 1341 os
1550 1259 1696 1357 latum,
1729 1260 1905 1343 cruribus

563 1382 729 1474 trrultum
751 1384 938 1490 elongatis
952 1407 965 1480 3
978 1381 1156 1466 foramen
1169 1438 1180 1477 ‚
1195 1385 1308 1466 orale
1324 1382 1497 1480 dictum,
1513 1386 1744 1494 triangulare
1756 1403 1909 1485 ‚aceta-

565 1507 708 1590 bulum
724 1505 1194 1608 deforme,coardiatum;
1210 1533 1297 1616 pars
1320 1509 1399 1614 eius
1422 1511 1550 1594 lunata
1568 1513 1655 1610 ,virt
1676 1509 1912 1618 conspicua,

563 1629 604 1716 in
630 1636 743 1718 tuber
765 1635 969 1744 irregulare
991 1633 1260 1748 degeneravit3
1275 1637 1779 1747 parssrnuataglandulam,
1796 1637 1911 1750 dege,

564 1779 734 1846 neratam
758 1784 943 1866 quoque,
967 1759 1209 1848 continebat.
1277 1762 1465 1848 Praeterea
1486 1764 1532 1844 in
1548 1761 1662 1846 dorso
1684 1763 1742 1845 ilii
1765 1763 1907 1846 utrius·

565 1909 680 1988 que,
721 1909 858 1994 parum
879 1885 991 1994 supra
1021 1911 1128 1972 oram
1165 1889 1394 1970 exteriorem
1425 1887 1616 1972 acetabuli
1660 1887 1907 1990 vicinamque

564 2011 656 2098 ossis
679 2009 787 2096 ischii
807 2025 981 2118 partem,
1012 2035 1098 2097 aren
1118 2011 1355 2118 conspicitur
1374 2027 1486 2094 ovata
1502 1993 1525 2109 ,”
1549 2015 1663 2118 plana
1679 2010 1720 2096 in
1745 2010 1910 2110 dextro,

562 2139 707 2249 finnata
729 2141 771 2224 in
807 2136 958 2223 sinistro
1004 2163 1093 2225 cum
1120 2139 1262 2241 quibus
1296 2137 1421 2247 capita
1445 2134 1646 2257 femorum
1666 2139 1779 2224 devia
1800 2164 1910 2224 com·

561 2265 827 2350 mittebantur.
886 2261 1137 2352 Intervallum
1167 2263 1307 2371 prioris
1331 2265 1524 2349 acetabuli
1551 2284 1669 2370 atque
1699 2266 1795 2350 novi
1816 2267 1906 2350 arti·

428 2401 433 2406 ’
562 2391 869 2497 culioccupabat
881 2387 1089 2476 substantia
1109 2390 1378 2494 inaequabili's,
1402 2388 1546 2489 crassa,
1562 2389 1911 2500 ligamentosa,fe-

560 2511 603 2601 re'
624 2513 890 2624 cartilaginea,
925 2541 1010 2618 qua>
1032 2532 1122 2594 ante
1147 2513 1305 2592 devium
1329 2514 1490 2592 semoris
1519 2537 1637 2618 caput
1667 2511 1829 2620 expansa
1850 2534 1914 2598 at·
1977 2571 1981 2582 ·

561 2665 639 2746 que
653 2641 721 2724 ilio
742 2636 953 2734 adherens,
966 2636 1093 2746 specie
1113 2659 1226 2718 novae
1238 2629 1358 2741 capsae
1369 2636 1603 2732 articularis,
1618 2637 1905 2742 caputfemoris
2023 2735 2026 2740 Ι

562 2765 722 2852 devium
743 2762 997 2863 involvebat,
1031 2757 1211 2846 constans
1242 2782 1293 2841 ex
1319 2757 1556 2869 degeneretis
1576 2763 1752 2870 partibus
1779 2762 1934 2848 tendi·

559 2881 663 2978 uosrs
684 2890 946 2980 musculorum
989 2907 1106 2993 atque
1138 2885 1291 2972 tumido
1335 2883 1549 2994 periostio,
1587 2910 1722 2972 aneta
1742 2890 1913 2976 naturali

562 3017 672 3130 capsa
702 3005 991 3105 membranacea
1022 3015 1186 3102 omnino
1217 3011 1377 3099 diversa.
1421 3010 1524 3096 Area
1550 3015 1648 3098 novi
1671 3018 1822 3100 articuli
1858 3017 1900 3098 in

481 3175 486 3182 ·
562 3147 693 3232 dextra
718 3172 814 3229 coxa
852 3141 996 3252 (xm),
1023 3141 1162 3224 lamina
1193 3135 1389 3248 periostii,
1423 3141 1708 3244 compressione
1733 3145 1911 3224 ntultum.

562 3289 797 3366 extenuata,
825 3292 905 3350 non
939 3289 1034 3347 vero
1059 3262 1197 3345 detrita
1228 3279 1298 3344 aut
1319 3259 1776 3366 deperdita,obducitur.
1811 3265 1913 3346 Pars,

561 3419 657 3484 vero
682 3385 723 3478 in
747 3391 861 3476 dorso
891 3391 951 3474 ilii
978 3375 1131 3474 sinistri'
1147 3385 1284 3498 (xri.)
1299 3385 1469 3484 sinuata,
1503 3381 1717 3492 quanam
1737 3390 1913 3474 articulo,

560 3499 877 3626 inserviit,parte
898 3515 1093 3622 superiore
1108 3511 1270 3610 fibrosa,
1284 3529 1392 3621 parte
1412 3509 1597 3598 inferiore
1618 3513 1749 3615 nuda,
1784 3539 1914 3628 expo<

560 3654 652 3750 lita,
678 3653 858 3735 eburnea.
925 3643 1033 3728 Inter
1066 3642 1171 3725 hunc
1204 3661 1353 3730 novum
1383 3635 1510 3724 sinum
1552 3659 1597 3726 et.
1636 3660 1909 3728 uetusaceta.

561 3779 734 3874 bulum,
777 3795 820 3855 os
865 3767 1025 3854 ischium
1068 3767 1180 3850 aliam
1215 3765 1340 3850 aream
1375 3765 1493 3850 offert
1533 3763 1683 3874 planam
1706 3824 1720 3867 ,
1742 3753 1906 3854 ¹leniter.

561 3887 762 3999 fibrosam,
796 3913 905 3982 motu
941 3915 1058 3999 atque
1092 3895 1226 3978 attritu
1263 3891 1515 3976 trocbanteris
1547 3894 1707 3976 minoris
1740 3892 1908 3980 semoris

560 4007 734 4114 affluam.
781 4023 922 4106 Femur
952 4019 1141 4106 sinistrum
1162 4018 1354 4130 (irritu),
1388 4017 1480 4102 huic
1500 4041 1606 4105 coxae
1640 4017 1911 4126 respondens,

561 4175 677 4266 caput
706 4151 824 4234 habet
866 4143 1086 4256 depressum
1134 4164 1175 4228 et
1208 4146 1521 4252 complanatum,
1555 4155 1678 4252 parte'
1708 4146 1904 4256 superiore

560 4303 601 4375 et
631 4279 855 4374 exteriore,
905 4299 980 4378 qua
1013 4276 1135 4360 libere
1170 4275 1276 4356 intra
1307 4293 1451 4356 novam
1480 4271 1723 4380 spuriumque
1754 4276 1904 4360 articuli

561 4406 710 4518 capsam
732 4403 987 4496 movebatur,
1013 4397 1258 4492 tuberosum,
1292 4394 1512 4508 cartilagine
1534 4401 1642 4482 tenui
1663 4397 1913 4500 obdudlunra

560 4550 669 4649 parte
689 4527 898 4622 inferiore,
934 4551 1009 4631 qua
1035 4527 1187 4611 corraei
1212 4525 1475 4618 innitebatur,
1511 4526 1716 4610 hincinde
1739 4521 1912 4624 labiosa„
1961 4558 1965 4566 ·

561 4678 626 4752 ant
647 4650 827 4750 eburnea
857 4651 1053 4748 soliditatis
1076 4671 1192 4760 atque
1217 4651 1403 4762 politurae.
1464 4653 1606 4751 Sinus,
1640 4652 1703 4736 cui
1733 4651 1909 4774 affigatur,

1859 4777 1916 4858 ti..
