4754 5884
447 647 597 763 ·ffi-
903 637 1501 787 runsuouns

533 909 660 990 lorum
682 897 844 979 interior
864 893 998 978 librata
1029 877 1284 1004 deperierunt.
1351 895 1452 984 Haec
1487 897 1641 984 corticis
1675 895 1882 1008 expansio,

536 1044 687 1139 purtem
714 1023 874 1106 tumoris
908 1023 1077 1130 priorem
1111 1041 1354 1132 contegens,
1379 1011 1614 1113 extrinsecus
1637 1026 1755 1138 gibba
1779 1041 1884 1127 erat,

538 1154 643 1238 laevis
667 1167 706 1234 et
729 1151 931 1232 tuberibus
959 1151 1156 1254 inaequalis
1191 1175 1235 1232 uc
1269 1150 1447 1253 sinuosa3
1481 1177 1533 1237 ex
1559 1153 1745 1248 interiore
1780 1133 1888 1266 nette

414 1335 419 1352 .
539 1279 875 1393 alpern,coucavn
892 1278 1136 1372 ,eminentiis
1149 1279 1339 1361 cuniculis
1355 1295 1474 1383 atque
1499 1277 1673 1376 cavernis
1686 1275 1893 1380 distinebar,

538 1402 723 1514 perlostio
744 1401 856 1484 simili
879 1403 1101 1486 membrana
1123 1401 1311 1488 contecta.
1346 1475 1350 1482 .
1383 1402 1635 1516 Margoejus
1660 1392 1890 1501 interiorab

542 1529 727 1630 exteriori
761 1532 851 1609 otto
883 1529 1051 1634 pollices„
1090 1529 1281 1626 distabat,
1319 1529 1424 1614 unde
1457 1534 1620 1621 latitudo
1654 1533 1892 1639 intelligitur.
1956 1631 1962 1646 ⁸

539 1657 631 1738 Pars
660 1657 816 1738 corticis
839 1653 993 1759 expanlr
1013 1655 1204 1760 posterior
1226 1655 1750 1759 etque‘minor,r'etrorsum
1765 1676 1895 1738 recor,

541 1783 706 1877 vata,in
726 1780 890 1884 speciem
924 1779 1084 1862 concbae
1105 1781 1143 1862 se
1165 1784 1362 1888 explicat,
1395 1780 1504 1884 cujus
1525 1804 1611 1886 pars
1639 1803 1811 1862 concava
1836 1777 1896 1860 sue
1941 1853 1946 1862 .

481 1929 484 1934 ·
543 1933 647 1996 rum,
670 1927 844 1987 convexa
866 1907 1021 1988 clunem
1047 1905 1220 2012 respicit
1249 1905 1426 2008 Utraque
1456 1931 1544 2010 pars
1575 1902 1760 2012 periollio
1782 1903 1897 1986 srmili
2003 1979 2005 1982 ,

544 2033 767 2116 membrana
799 2027 979 2110 obducta.
1035 2029 1126 2110 Pars
1168 2027 1330 2112 femoris
1362 2029 1551 2114 dimidiati
1577 2025 1774 2125 inferlm,
1807 2042 1897 2128 cunt

481 2183 485 2190 ·
547 2159 712 2268 petella,
734 2154 883 2238 vertice
906 2153 1024 2252 tiblae,
1061 2177 1105 2234 ac
1129 2153 1232 2238 testis
1256 2153 1374 2238 osseis
1398 2154 1576 2268 separatis
1609 2154 1830 2241 exhibetur.
1884 2135 1891 2150 ⁴

633 2367 770 2438 Houstet
794 2366 951 2436 memoire
973 2363 1030 2432 sur
1053 2365 1084 2432 le
1113 2361 1276 2435 exustoses
1305 2367 1364 2434 des
1387 2385 1424 2434 os
1448 2363 1702 2453 cylindrum,
1731 2382 1828 2432 mem.
1855 2361 1900 2430 de

548 2453 662 2524 l’acad·
677 2453 718 2518 de
735 2449 817 2517 ebir.
841 2451 905 2516 vol·
926 2447 1274 2546 3.png·130„Buffotr
1299 2449 1429 2518 cabinet
1444 2452 1491 2539 tiu
1513 2449 1577 2542 lior}
1599 2449 1665 2516 vol.
1684 2467 1717 2588 ἓ.
1738 2447 1804 2518 Νο.
1829 2443 1903 2537 nilo.

548 2531 867 2705 {fflfrlrlgffagg'yf'
894 2543 924 2610 5.
945 2533 1116 2612 Morgagul
1147 2533 1238 2607 epist.
1271 2541 1327 2607 50.
1346 2539 1405 2594 att.
1438 2537 1493 2588 00.
1526 2529 1684 2588 lnoeno
1709 2525 1898 2635 Lumedtcof

616 2795 802 2886 LXXIX.
840 2791 930 2875 Pars
954 2791 1114 2874 femoris
1139 2787 1327 2892 inferior,
1359 2790 1462 2874 tibin
1486 2805 1529 2886 ,et
1550 2719 1900 2901 libulnesnperlorss

554 2951 646 3015 cum
671 2923 823 3034 patella.
877 2917 1029 3000 Tumor
1049 2917 1206 3026 infignis
1240 2940 1344 3024 genu
1375 2913 1635 3018 infestaverat.
1730 2919 1829 3018 Pars
1845 2917 1905 3001 fe.
2046 2919 2050 2926 ²

508 3094 517 3109 ·
556 3056 674 3140 moris
697 3050 803 3156 prior
824 3059 937 3146 atque
964 3039 1128 3125 inferior
1149 3064 1275 3123 arearn
1297 3035 1654 3137 exhibetovatam,
1675 3043 1776 3126 callo
1801 3040 1905 3124 effic·

557 3201 648 3264 turn.
684 3171 855 3272 Condyli
890 3165 1052 3262 tumidi,
1075 3183 1181 3276 parte
1210 3168 1402 3248 anteriore
1433 3166 1668 3270 aequabilec,
1691 3163 1905 3274 posteriore

559 3301 717 3394 cariosi,
752 3295 964 3406 tuberculis
985 3310 1103 3394 atque
1123 3289 1239 3398 spinis
1268 3290 1398 3400 asperi.
1469 3291 1596 3400 Caput
1629 3290 1737 3373 tibiae
1759 3290 1906 3374 incras-

561 3433 855 3522 l'atunt3vertex
869 3421 970 3500 carie
992 3416 1383 3513 exesus,eminentiis
1408 3416 1522 3502 sulcis
1537 3435 1655 3518 atque
1677 3413 1793 3524 spinis
1816 3422 1907 3498 inae-

563 3551 736 3662 qtubilis.
783 3548 910 3652 Caput
931 3542 1084 3642 fibulae,
1108 3543 1237 3626 medio
1259 3547 1382 3640 callo,
1419 3566 1510 3626 cum
1530 3543 1634 3626 tibine
1654 3544 1781 3652 capite
1802 3566 1913 3630 com·

563 3679 756 3772 mittitur,
787 3671 933 3752 mobile
955 3686 1096 3753 tamen.
1150 3669 1296 3754 Patella
1330 3669 1508 3775 ampliata
1537 3667 1661 3752 finum
1693 3668 1908 3754 rotundum

565 3803 709 3900 refert,
745 3797 955 3894 cariosum,
980 3821 1055 3900 qua
1081 3795 1271 3898 condylos
1301 3793 1462 3880 femoris
1481 3790 1638 3902 spectat.
1708 3793 1829 3896 Capsa
1851 3819 1909 3874 ar-

566 3931 700 4026 ticuli,
716 3923 893 4008 tendines
916 3921 1035 4030 capsae
1061 3920 1394 4022 obduttae‚rtque
1411 3921 1662 4026 ligamentum
1677 3918 1828 4022 patellae
1850 3916 1909 3999 itt·

568 4061 733 4148 durato,
758 4046 918 4134 callosae.
980 4047 1150 4144 Femur,
1182 4045 1288 4130 flexo
1308 4066 1436 4156 genu,
1461 4043 1568 4127 tibio
1589 4044 1788 4144 coalitum,
1851 4081 1857 4090 ·

631 4283 798 4373 LXXX.
834 4285 925 4367 Pars
945 4277 1253 4366 femorissrnillri
1273 4278 1459 4377 inferior,
1474 4278 1581 4364 tibiae
1602 4277 1798 4387 superior,
1821 4303 1913 4365 cum

570 4415 711 4526 patella
745 4429 860 4516 atque
885 4409 1061 4513 cordylis
1090 4409 1296 4516 separatis,
1318 4409 1358 4492 in
1383 4409 1547 4512 liquore.
1582 4406 1775 4504 Ancillas,
1792 4425 1915 4488 annos

570 4561 668 4626 uarro
689 4547 778 4622 xxv'.
800 4535 887 4644 post
911 4559 1067 4645 gravent
1092 4535 1506 4644 contufionem,genu
1535 4529 1640 4618 dolet
1672 4557 1788 4636 atque
1813 4536 1916 4614 intu-

571 4667 743 4754 mescit„
774 4667 940 4770 Serpens
972 4665 1115 4754 vitium
1151 4662 1241 4750 dein
1265 4680 1306 4748 et
1338 4679 1486 4774 partem
1511 4647 1672 4749 feruoris¹
1692 4659 1932 4770 inferiorem,
2009 4753 2012 4767 Ι

1746 4815 1750 4824 ’
1852 4805 1922 4868 oc-
