4722 5896
630 621 948 732 ossuum
991 585 1609 716 uonnn'sonuru.
1733 652 1793 736 ις
1913 761 1918 768 .

434 847 555 944 ‘verm
585 845 798 932 tuberculis
821 845 937 932 osseis
973 849 1157 932 excrevit.
1203 847 1296 932 Pars
1316 842 1479 931 inferior
1500 862 1616 953 atque
1636 844 1794 958 depres.

437 974 476 1058 sa
487 965 609 1082 ,parti
628 971 792 1082 scapulae
810 974 1010 1073 interiori,
1032 974 1266 1062 intermedio
1278 977 1392 1072 callo,
1403 976 1634 1086 agglutinata
1645 1029 1658 1072 ,
1670 998 1719 1060 eo
1730 980 1794 1064 lo·

437 1123 487 1184 co
511 1123 661 1187 novom
684 1103 789 1207 quast
809 1101 934 1189 smum
955 1098 1226 1200 effinxit,fere
1245 1100 1482 1200 rotundum,
1495 1103 1791 1208 inequabllem,

437 1249 519 1310 non
542 1229 880 1339 cartilaginosum,
913 1230 980 1338 qul
1003 1247 1120 1338 caput
1140 1229 1294 1315 humeri
1308 1227 1468 1313 sustinet
1480 1230 1791 1337 ‚composrtione

287 1365 290 1376 ·
434 1353 586 1439 mobili.
620 1353 899 1468 Fragmentum
931 1355 1182 1465 depressum,
1192 1353 1321 1442 forma
1353 1355 1546 1453 cervicis,
1569 1379 1721 1440 novurn
1745 1356 1811 1442 sn·

436 1505 531 1566 num
565 1481 759 1570 sustentat
825 1483 958 1595 Caput
989 1483 1170 1581 humeri,
1206 1480 1385 1567 deforme
1419 1499 1529 1590 parte
1573 1482 1792 1584 exteriori,

436 1608 652 1695 renascentis
674 1615 763 1698 calli
782 1631 894 1700 notas
925 1591 1110 1712 exhibet,
1151 1609 1327 1695 interiori
1362 1607 1632 1714 inaequabile,
1665 1608 1795 1718 poste·

434 1733 529 1816 riori
552 1739 869 1843 complanatum,
902 1736 1106 1846 superficie
1140 1738 1228 1822 laevi
1267 1733 1434 1832 finitur,
1459 1757 1535 1838 qua
1560 1757 1679 1822 nouo
1713 1735 1794 1820 sca·

433 1861 538 1966 911¹ae
574 1862 677 1948 smui
718 1863 870 1950 infidet.
936 1863 1142 1950 Humerus
1179 1885 1263 1950 non
1304 1859 1353 1944 ad
1395 1881 1532 1944 omnes
1565 1859 1652 1946 usus
1683 1863 1799 1948 utilis
1908 1907 1912 1916 ‚

347 2037 369 2050 κ.
434 1983 554 2087 init,
611 1985 802 2092 srquidem
850 1988 1166 2096 quoquoversum
1211 1986 1462 2090 contorqueri
1506 1990 1683 2094 nequit,
1725 1987 1792 2072 sed

286 2151 289 2156 2
433 2109 608 2232 tirrsunr,
639 2111 864 2206 adeersum
889 2115 1100 2204 terminum
1122 2139 1274 2221 usque,
1307 2129 1425 2284 atque
1445 2109 1625 2200 deorsum
1654 2111 1794 2202 facilli·

432 2245 650 2354 mergitur.

508 2411 619 2488 Citavl
633 2416 699 2488 hoc
714 2415 932 2554 specimenln
947 2415 1224 2544 commentatione
1247 2415 1291 2482 de
1306 2414 1446 2482 humero
1460 2415 1573 2480 luxato
1574 2429 1675 2502 ‚..psg
1696 2407 1751 2498 48.

497 2593 686 2684 XXXIII.
721 2581 901 2686 Htoneri
909 2533 1054 2680 dextri
1084 2595 1273 2681 articulus
1307 2594 1454 2680 srmills
1508 2593 1648 2682 Homo
1682 2599 1791 2683 adul·

434 2738 522 2820 tos,
534 2724 585 2808 de
605 2723 772 2808 humero
792 2726 927 2810 luxato
938 2719 1279 2830 nihilsuspicatus‚
1291 2724 1502 2832 perplures
1516 2747 1640 2809 annos
1662 2745 1801 2833 neque·

434 2853 566 2936 volam
587 2853 705 2959 capiti
726 2867 794 2935 aut
813 2848 954 2950 dorso,
988 2870 1118 2954 neque
1139 2851 1320 2934 cubitum
1342 2851 1454 2931 lateri
1484 2848 1695 2938 admovere
1716 2875 1792 2960 po

434 2991 558 3074 terat,
594 2998 732 3064 verum
752 2995 935 3084 opertum
957 2993 1075 3080 caput
1094 2974 1238 3078 inflexa
1259 2976 1413 3060 cervice
1441 2973 1696 3077 denudabat,
1724 3001 1792 3060 ex

434 3099 549 3187 febre
579 3099 726 3186 delirus
766 3097 871 3186 letio
913 3099 1103 3196 excidit,
1150 3099 1344 3203 srmulque
1397 3097 1617 3183 humerum
1657 3100 1790 3211 fregit.

436 3227 700 3338 Cheirurgsm,
712 3225 929 3312 fraiiuram
948 3207 1177 3336 explorans,
1199 3225 1282 3312 solo
1302 3223 1389 3310 fere
1413 3223 1567 3333 alpeelu
1598 3230 1797 3339 cognovit·

435 3353 645 3438 humerum
671 3356 767 3440 ollnr
789 3353 909 3442 fuisse
922 3357 1122 3454 luxatum,
1139 3379 1214 3439 nec
1234 3351 1458 3462 reposrturn
1493 3353 1611 3437 Sinus
1626 3352 1804 3464 scapule*

436 3479 640 3566 medius
623 3505 735 3588 Juxta
755 3479 1045 3594 longitudinem
1066 3478 1223 3566 fraiius.
1259 3479 1384 3563 Pars
1372 3481 1560 3580 rnterior,
1585 3479 1787 3591 depressa,

436 3609 537 3716 parti
567 3621 749 3694 concavis
763 3609 951 3718 scapulae,
985 3609 1129 3693 cervici
1149 3606 1362 3716 proxime,
1386 3609 1600 3714 applicata,
1620 3633 1691 3716 per
1711 3609 1789 3691 cal-

437 3735 519 3816 lum
542 3737 768 3838 concrevit3
802 3755 841 3820 et
861 3737 997 3819 latiore
1022 3758 1067 3815 ac
1087 3734 1233 3818 srnuata
1253 3731 1454 3840 superficie
1481 3757 1631 3818 novum
1660 3736 1795 3819 srnunr

293 3923 295 3928 ,
438 3857 592 3946 osseum
623 3857 772 3960 refert,
806 3861 985 3956 nudum,
1019 3859 1125 3941 nulla
1167 3858 1392 3966 cartilagine
1436 3881 1567 3963 nuque
1599 3858 1787 3966 periostlo

439 3983 670 4070 obductum.-
705 3986 806 4072 Calli
827 3985 1158 4083 tuberculum,ex
1178 3979 1344 4069 frniiura
1365 3982 1493 4065 media
1514 4000 1697 4081 enatum,
1714 4008 1788 4068 no-

440 4135 535 4196 vum
567 4113 674 4198 hunc
694 4115 822 4200 srnurn
847 4139 869 4196 a
895 4115 1049 4217 reliquo
1081 4110 1292 4223 distinguit.
1350 4109 1480 4218 Caput
1510 4109 1688 4213 humeri,
1709 4135 1786 4219 qua

441 4239 540 4325 finui
560 4241 725 4339 infider,
761 4243 1076 4350 complanatum,
1107 4239 1256 4325 nudum
1278 4255 1320 4322 tt
1344 4239 1451 4345 quair
1472 4240 1690 4325 eburneum
1715 4240 1789 4323 du·

441 4366 529 4448 ritie
550 4391 595 4450 ac
624 4365 843 4474 splendore.
887 4369 980 4454 Pars
1000 4367 1145 4473 reliqua
1175 4367 1214 4448 in
1232 4369 1495 4477 cartilaginem
1518 4364 1683 4465 definit,
1716 4385 1796 4464 et,-

427 4489 518 4596 ‘qua
538 4492 756 4578 adhaerebat
775 4497 812 4578 ei
854 4494 966 4607 capsa
994 4495 1184 4595 articuli,
1216 4493 1394 4610 pluribus
1426 4495 1665 4606 erumpentis
1698 4495 1786 4578 calli

441 4619 655 4708 tuberculis
676 4621 803 4706 cincta
823 4619 891 4710 est.

358 4791 360 4794 ’
448 4897 452 4906 ¹
521 4805 608 4884 ibid.
628 4829 702 4904 pag.
722 4829 787 4926 49.Γ

1596 4899 1783 4990 XXXlV.
