<?xml version="1.0" encoding="UTF-8"?>
<!DOCTYPE html PUBLIC "-//W3C//DTD XHTML 1.0 Transitional//EN"
    "http://www.w3.org/TR/xhtml1/DTD/xhtml1-transitional.dtd">
<html xmlns="http://www.w3.org/1999/xhtml" xml:lang="en" lang="en">
 <head>
  <title>
</title>
<meta http-equiv="Content-Type" content="text/html;charset=utf-8" />
  <meta name='ocr-system' content='tesseract 3.04.00' />
  <meta name='ocr-capabilities' content='ocr_page ocr_carea ocr_par ocr_line ocrx_word'/>
</head>
<body>
  <div class='ocr_page' id='page_1' title='image "andreaebonndesc00bonngoog_0129.png"; bbox 0 0 4738 5880; ppageno 0'>
   <div class='ocr_carea' id='block_1_1' title="bbox 619 679 1592 778">
    <p class='ocr_par' dir='ltr' id='par_1_1' title="bbox 619 679 1592 778">
     <span class='ocr_line' id='line_1_1' title="bbox 619 679 1592 778; baseline 0.005 -5"><span class='ocrx_word' id='word_1_1' title='bbox 619 691 707 774; x_wconf 77' lang='lat' dir='ltr'>n6</span> <span class='ocrx_word' id='word_1_2' title='bbox 988 679 1592 778; x_wconf 81' lang='lat' dir='ltr'>THESAURUS</span> 
     </span>
    </p>
   </div>
   <div class='ocr_carea' id='block_1_2' title="bbox 557 909 1964 1276">
    <p class='ocr_par' dir='ltr' id='par_1_2' title="bbox 557 909 1964 1276">
     <span class='ocr_line' id='line_1_2' title="bbox 557 909 1964 1021; baseline 0.009 -29"><span class='ocrx_word' id='word_1_3' title='bbox 557 967 565 974; x_wconf 89' lang='lat'><em>-</em></span> <span class='ocrx_word' id='word_1_4' title='bbox 615 932 705 993; x_wconf 87' lang='lat' dir='ltr'>nem</span> <span class='ocrx_word' id='word_1_5' title='bbox 727 909 972 994; x_wconf 82' lang='lat' dir='ltr'>moliebatur.</span> <span class='ocrx_word' id='word_1_6' title='bbox 1022 909 1142 993; x_wconf 83' lang='lat' dir='ltr'>Causa</span> <span class='ocrx_word' id='word_1_7' title='bbox 1173 911 1262 996; x_wconf 83' lang='lat' dir='ltr'>mali</span> <span class='ocrx_word' id='word_1_8' title='bbox 1286 915 1395 998; x_wconf 86' lang='lat' dir='ltr'>ulcus</span> <span class='ocrx_word' id='word_1_9' title='bbox 1427 913 1726 1014; x_wconf 88' lang='lat' dir='ltr'>scorbuticum,</span> <span class='ocrx_word' id='word_1_10' title='bbox 1766 917 1964 1021; x_wconf 55' lang='lat' dir='ltr'>maxillam»</span> 
     </span>
     <span class='ocr_line' id='line_1_3' title="bbox 613 1035 1957 1160; baseline 0.009 -43"><span class='ocrx_word' id='word_1_11' title='bbox 613 1035 825 1118; x_wconf 85' lang='lat' dir='ltr'>extendens</span> <span class='ocrx_word' id='word_1_12' title='bbox 849 1035 923 1143; x_wconf 82' lang='lat' dir='ltr'>(a)</span> <span class='ocrx_word' id='word_1_13' title='bbox 946 1052 1063 1139; x_wconf 85' lang='lat' dir='ltr'>atque</span> <span class='ocrx_word' id='word_1_14' title='bbox 1093 1035 1284 1136; x_wconf 76' lang='lat' dir='ltr'>trudens,</span> <span class='ocrx_word' id='word_1_15' title='bbox 1319 1062 1399 1141; x_wconf 87' lang='lat' dir='ltr'>quo</span> <span class='ocrx_word' id='word_1_16' title='bbox 1424 1064 1551 1148; x_wconf 82' lang='lat' dir='ltr'>aeger,</span> <span class='ocrx_word' id='word_1_17' title='bbox 1586 1045 1627 1130; x_wconf 92' lang='lat' dir='ltr'>in</span> <span class='ocrx_word' id='word_1_18' title='bbox 1654 1045 1957 1160; x_wconf 54' lang='lat' dir='ltr'>itineremariti.</span> 
     </span>
     <span class='ocr_line' id='line_1_4' title="bbox 612 1162 1956 1276; baseline 0.01 -33"><span class='ocrx_word' id='word_1_19' title='bbox 612 1185 680 1244; x_wconf 90' lang='lat' dir='ltr'>mo</span> <span class='ocrx_word' id='word_1_20' title='bbox 703 1181 934 1268; x_wconf 89' lang='lat' dir='ltr'>correptus,</span> <span class='ocrx_word' id='word_1_21' title='bbox 970 1163 1061 1244; x_wconf 89' lang='lat' dir='ltr'>navi</span> <span class='ocrx_word' id='word_1_22' title='bbox 1084 1163 1261 1269; x_wconf 87' lang='lat' dir='ltr'>appulsus</span> <span class='ocrx_word' id='word_1_23' title='bbox 1305 1162 1392 1271; x_wconf 87' lang='lat' dir='ltr'>post</span> <span class='ocrx_word' id='word_1_24' title='bbox 1423 1189 1562 1272; x_wconf 81' lang='lat' dir='ltr'>paucas</span> <span class='ocrx_word' id='word_1_25' title='bbox 1583 1166 1809 1276; x_wconf 83' lang='lat' dir='ltr'>septimanas</span> <span class='ocrx_word' id='word_1_26' title='bbox 1842 1170 1956 1259; x_wconf 87' lang='lat' dir='ltr'>obiit.</span> 
     </span>
    </p>
   </div>
   <div class='ocr_carea' id='block_1_3' title="bbox 613 1372 1954 1713">
    <p class='ocr_par' dir='ltr' id='par_1_3' title="bbox 613 1372 1954 1713">
     <span class='ocr_line' id='line_1_5' title="bbox 655 1372 1875 1468; baseline 0.011 -30"><span class='ocrx_word' id='word_1_27' title='bbox 655 1377 696 1462; x_wconf 83' lang='lat' dir='ltr'>(a</span> <span class='ocrx_word' id='word_1_28' title='bbox 736 1373 869 1442; x_wconf 87' lang='lat' dir='ltr'><strong>Confer.</strong></span> <span class='ocrx_word' id='word_1_29' title='bbox 890 1373 995 1444; x_wconf 87' lang='lat' dir='ltr'>Mem.</span> <span class='ocrx_word' id='word_1_30' title='bbox 1011 1376 1054 1443; x_wconf 84' lang='lat' dir='ltr'>tie</span> <span class='ocrx_word' id='word_1_31' title='bbox 1067 1372 1182 1443; x_wconf 86' lang='lat' dir='ltr'>l&#39;acad.</span> <span class='ocrx_word' id='word_1_32' title='bbox 1204 1375 1246 1440; x_wconf 86' lang='lat' dir='ltr'>de</span> <span class='ocrx_word' id='word_1_33' title='bbox 1261 1375 1344 1442; x_wconf 89' lang='lat' dir='ltr'>chir.</span> <span class='ocrx_word' id='word_1_34' title='bbox 1366 1387 1444 1443; x_wconf 89' lang='lat' dir='ltr'>tom.</span> <span class='ocrx_word' id='word_1_35' title='bbox 1458 1391 1486 1459; x_wconf 85' lang='lat'>5.</span> <span class='ocrx_word' id='word_1_36' title='bbox 1511 1395 1583 1468; x_wconf 84' lang='lat' dir='ltr'>pag.</span> <span class='ocrx_word' id='word_1_37' title='bbox 1599 1394 1673 1466; x_wconf 78' lang='lat'>353.</span> <span class='ocrx_word' id='word_1_38' title='bbox 1687 1381 1827 1464; x_wconf 76' lang='lat' dir='ltr'>plancho</span> <span class='ocrx_word' id='word_1_39' title='bbox 1843 1401 1875 1450; x_wconf 87' lang='lat'>2.</span> 
     </span>
     <span class='ocr_line' id='line_1_6' title="bbox 732 1455 1954 1546; baseline 0.009 -23"><span class='ocrx_word' id='word_1_40' title='bbox 732 1477 815 1545; x_wconf 86' lang='lat' dir='ltr'>eque</span> <span class='ocrx_word' id='word_1_41' title='bbox 832 1457 988 1534; x_wconf 80' lang='lat' dir='ltr'>dubium,</span> <span class='ocrx_word' id='word_1_42' title='bbox 1011 1458 1087 1546; x_wconf 91' lang='lat' dir='ltr'>quin</span> <span class='ocrx_word' id='word_1_43' title='bbox 1106 1461 1191 1526; x_wconf 86' lang='lat' dir='ltr'>inter</span> <span class='ocrx_word' id='word_1_44' title='bbox 1206 1455 1383 1546; x_wconf 82' lang='lat' dir='ltr'>specimina</span> <span class='ocrx_word' id='word_1_45' title='bbox 1404 1476 1538 1528; x_wconf 86' lang='lat' dir='ltr'>cccvur.</span> <span class='ocrx_word' id='word_1_46' title='bbox 1559 1464 1599 1530; x_wconf 86' lang='lat' dir='ltr'>ad</span> <span class='ocrx_word' id='word_1_47' title='bbox 1621 1478 1763 1531; x_wconf 79' lang='lat' dir='ltr'>cccxtv.</span> <span class='ocrx_word' id='word_1_48' title='bbox 1790 1465 1954 1534; x_wconf 84' lang='lat' dir='ltr'>invenian-</span> 
     </span>
     <span class='ocr_line' id='line_1_7' title="bbox 613 1539 1760 1638; baseline 0.003 -30"><span class='ocrx_word' id='word_1_49' title='bbox 613 1551 686 1618; x_wconf 85' lang='lat' dir='ltr'>tur,</span> <span class='ocrx_word' id='word_1_50' title='bbox 709 1561 781 1626; x_wconf 82' lang='lat' dir='ltr'>quae</span> <span class='ocrx_word' id='word_1_51' title='bbox 801 1539 986 1638; x_wconf 78' lang='lat' dir='ltr'>scorbutunn</span> <span class='ocrx_word' id='word_1_52' title='bbox 1008 1561 1066 1625; x_wconf 91' lang='lat' dir='ltr'>pro</span> <span class='ocrx_word' id='word_1_53' title='bbox 1082 1541 1176 1609; x_wconf 85' lang='lat' dir='ltr'>causa</span> <span class='ocrx_word' id='word_1_54' title='bbox 1193 1542 1392 1628; x_wconf 65' lang='lat' dir='ltr'>agnoscunt.</span> <span class='ocrx_word' id='word_1_55' title='bbox 1756 1593 1760 1600; x_wconf 85' lang='lat'>-</span> 
     </span>
     <span class='ocr_line' id='line_1_8' title="bbox 690 1623 1954 1713; baseline 0.011 -25"><span class='ocrx_word' id='word_1_56' title='bbox 690 1623 857 1700; x_wconf 65' lang='lat' dir='ltr'>Ptaeterea,</span> <span class='ocrx_word' id='word_1_57' title='bbox 877 1643 1040 1702; x_wconf 81' lang='lat' dir='ltr'>vanorum</span> <span class='ocrx_word' id='word_1_58' title='bbox 1063 1624 1178 1692; x_wconf 82' lang='lat' dir='ltr'>ossium</span> <span class='ocrx_word' id='word_1_59' title='bbox 1206 1639 1398 1702; x_wconf 86' lang='lat' dir='ltr'>tumorum,</span> <span class='ocrx_word' id='word_1_60' title='bbox 1436 1637 1532 1713; x_wconf 83' lang='lat' dir='ltr'>atque</span> <span class='ocrx_word' id='word_1_61' title='bbox 1561 1645 1659 1694; x_wconf 84' lang='lat' dir='ltr'>carrer</span> <span class='ocrx_word' id='word_1_62' title='bbox 1683 1639 1788 1699; x_wconf 80' lang='lat' dir='ltr'>tamt</span> <span class='ocrx_word' id='word_1_63' title='bbox 1817 1649 1954 1704; x_wconf 75' lang='lat' dir='ltr'>venem</span> 
     </span>
    </p>
   </div>
   <div class='ocr_carea' id='block_1_4' title="bbox 611 1705 2069 1806">
    <p class='ocr_par' dir='ltr' id='par_1_4' title="bbox 611 1705 2069 1806">
     <span class='ocr_line' id='line_1_9' title="bbox 611 1705 2069 1806; baseline 0.014 -36"><span class='ocrx_word' id='word_1_64' title='bbox 611 1724 706 1792; x_wconf 85' lang='lat' dir='ltr'>quarn</span> <span class='ocrx_word' id='word_1_65' title='bbox 730 1705 911 1776; x_wconf 87' lang='lat' dir='ltr'>scnrbutica</span> <span class='ocrx_word' id='word_1_66' title='bbox 934 1709 1035 1775; x_wconf 83' lang='lat' dir='ltr'>aliave</span> <span class='ocrx_word' id='word_1_67' title='bbox 1050 1705 1145 1775; x_wconf 83' lang='lat' dir='ltr'>causa</span> <span class='ocrx_word' id='word_1_68' title='bbox 1170 1705 1355 1792; x_wconf 75' lang='lat' dir='ltr'>producta,</span> <span class='ocrx_word' id='word_1_69' title='bbox 1389 1709 1534 1795; x_wconf 80' lang='lat' dir='ltr'>exempla</span> <span class='ocrx_word' id='word_1_70' title='bbox 1559 1709 1693 1797; x_wconf 73' lang='lat' dir='ltr'>collegit</span> <span class='ocrx_word' id='word_1_71' title='bbox 1723 1713 1957 1806; x_wconf 78' lang='lat' dir='ltr'>Morgagniit</span> <span class='ocrx_word' id='word_1_72' title='bbox 2062 1729 2069 1742; x_wconf 89' lang='lat'>&#39;</span> 
     </span>
    </p>
   </div>
   <div class='ocr_carea' id='block_1_5' title="bbox 610 1787 1812 1884">
    <p class='ocr_par' dir='ltr' id='par_1_5' title="bbox 610 1787 1812 1884">
     <span class='ocr_line' id='line_1_10' title="bbox 610 1787 1812 1884; baseline 0.011 -31"><span class='ocrx_word' id='word_1_73' title='bbox 610 1791 698 1875; x_wconf 76' lang='lat' dir='ltr'>epist.</span> <span class='ocrx_word' id='word_1_74' title='bbox 721 1805 774 1875; x_wconf 84' lang='lat'>50.</span> <span class='ocrx_word' id='word_1_75' title='bbox 792 1809 852 1875; x_wconf 77' lang='lat'>52..</span> <span class='ocrx_word' id='word_1_76' title='bbox 866 1787 919 1876; x_wconf 82' lang='lat'>58.</span> <span class='ocrx_word' id='word_1_77' title='bbox 942 1807 975 1858; x_wconf 88' lang='lat' dir='ltr'>et</span> <span class='ocrx_word' id='word_1_78' title='bbox 991 1805 1055 1861; x_wconf 85' lang='lat' dir='ltr'>cer.</span> <span class='ocrx_word' id='word_1_79' title='bbox 1063 1789 1202 1880; x_wconf 83' lang='lat' dir='ltr'>Ludwig</span> <span class='ocrx_word' id='word_1_80' title='bbox 1223 1790 1295 1858; x_wconf 83' lang='lat' dir='ltr'>adv.</span> <span class='ocrx_word' id='word_1_81' title='bbox 1308 1790 1470 1876; x_wconf 78' lang='lat' dir='ltr'>practica,</span> <span class='ocrx_word' id='word_1_82' title='bbox 1486 1793 1623 1862; x_wconf 85' lang='lat' dir='ltr'>maxime</span> <span class='ocrx_word' id='word_1_83' title='bbox 1638 1796 1673 1862; x_wconf 90' lang='lat' dir='ltr'>in</span> <span class='ocrx_word' id='word_1_84' title='bbox 1692 1797 1758 1864; x_wconf 82' lang='lat' dir='ltr'>vol.</span> <span class='ocrx_word' id='word_1_85' title='bbox 1778 1815 1812 1884; x_wconf 79' lang='lat'>3.</span> 
     </span>
    </p>
   </div>
   <div class='ocr_carea' id='block_1_6' title="bbox 827 2008 1750 2088">
    <p class='ocr_par' dir='ltr' id='par_1_6' title="bbox 827 2008 1750 2088">
     <span class='ocr_line' id='line_1_11' title="bbox 827 2008 1750 2088; baseline 0.002 -11"><span class='ocrx_word' id='word_1_86' title='bbox 827 2008 1750 2088; x_wconf 58' lang='lat' dir='ltr'>*neuouuflomfflmuutrtum</span> 
     </span>
    </p>
   </div>
   <div class='ocr_carea' id='block_1_7' title="bbox 609 2177 1973 2542">
    <p class='ocr_par' dir='ltr' id='par_1_7' title="bbox 609 2177 1973 2542">
     <span class='ocr_line' id='line_1_12' title="bbox 609 2177 1950 2315; baseline 0.008 -23"><span class='ocrx_word' id='word_1_87' title='bbox 609 2228 819 2312; x_wconf 83' lang='lat' dir='ltr'><strong>MODUS,</strong></span> <span class='ocrx_word' id='word_1_88' title='bbox 854 2229 961 2315; x_wconf 83' lang='lat' dir='ltr'>Quo</span> <span class='ocrx_word' id='word_1_89' title='bbox 993 2229 1222 2302; x_wconf 63' lang='lat' dir='ltr'>NATURA</span> <span class='ocrx_word' id='word_1_90' title='bbox 1253 2231 1310 2292; x_wconf 71' lang='lat' dir='ltr'>OS</span> <span class='ocrx_word' id='word_1_91' title='bbox 1344 2229 1670 2296; x_wconf 64' lang='lat' dir='ltr'>contumuit</span> <span class='ocrx_word' id='word_1_92' title='bbox 1706 2177 1950 2302; x_wconf 66' lang='lat' dir='ltr'>Antim-</span> 
     </span>
     <span class='ocr_line' id='line_1_13' title="bbox 807 2349 1973 2422; baseline -0.006 1"><span class='ocrx_word' id='word_1_93' title='bbox 807 2361 812 2368; x_wconf 82' lang='grc'><strong>’</strong></span> <span class='ocrx_word' id='word_1_94' title='bbox 1052 2359 1160 2420; x_wconf 85' lang='lat' dir='ltr'>GRO</span> <span class='ocrx_word' id='word_1_95' title='bbox 1192 2354 1480 2422; x_wconf 71' lang='lat' dir='ltr'>Rusouvm</span> <span class='ocrx_word' id='word_1_96' title='bbox 1968 2349 1973 2360; x_wconf 80' lang='lat'>&#39;</span> 
     </span>
     <span class='ocr_line' id='line_1_14' title="bbox 1662 2501 1673 2542; baseline 0 0"><span class='ocrx_word' id='word_1_97' title='bbox 1662 2501 1673 2542; x_wconf 74' lang='lat' dir='ltr'>t</span> 
     </span>
    </p>
   </div>
   <div class='ocr_carea' id='block_1_8' title="bbox 562 2596 2050 4712">
    <p class='ocr_par' dir='ltr' id='par_1_8' title="bbox 562 2596 2050 3582">
     <span class='ocr_line' id='line_1_15' title="bbox 562 2596 1962 2714; baseline -0.001 -30"><span class='ocrx_word' id='word_1_98' title='bbox 562 2605 567 2613; x_wconf 82' lang='lat'>&#39;</span> <span class='ocrx_word' id='word_1_99' title='bbox 670 2596 998 2685; x_wconf 68' lang='lat' dir='ltr'>ccclxxxix.</span> <span class='ocrx_word' id='word_1_100' title='bbox 1031 2599 1168 2682; x_wconf 91' lang='lat' dir='ltr'>Portio</span> <span class='ocrx_word' id='word_1_101' title='bbox 1184 2598 1310 2703; x_wconf 78' lang='lat' dir='ltr'>maior</span> <span class='ocrx_word' id='word_1_102' title='bbox 1340 2601 1433 2684; x_wconf 83' lang='lat' dir='ltr'>ossis</span> <span class='ocrx_word' id='word_1_103' title='bbox 1458 2597 1962 2714; x_wconf 57' lang='lat' dir='ltr'>verticis2quodammorlo«</span> 
     </span>
     <span class='ocr_line' id='line_1_16' title="bbox 605 2720 1941 2834; baseline 0.001 -28"><span class='ocrx_word' id='word_1_104' title='bbox 605 2724 875 2834; x_wconf 82' lang='lat' dir='ltr'>quadrangula.</span> <span class='ocrx_word' id='word_1_105' title='bbox 909 2723 1041 2806; x_wconf 84' lang='lat' dir='ltr'>Puella</span> <span class='ocrx_word' id='word_1_106' title='bbox 1060 2720 1197 2806; x_wconf 89' lang='lat' dir='ltr'>decem</span> <span class='ocrx_word' id='word_1_107' title='bbox 1218 2745 1340 2804; x_wconf 87' lang='lat' dir='ltr'>annos</span> <span class='ocrx_word' id='word_1_108' title='bbox 1361 2741 1475 2820; x_wconf 84' lang='lat' dir='ltr'>nata,</span> <span class='ocrx_word' id='word_1_109' title='bbox 1493 2721 1556 2802; x_wconf 88' lang='lat' dir='ltr'>die</span> <span class='ocrx_word' id='word_1_110' title='bbox 1591 2743 1652 2826; x_wconf 79' lang='lat'>27</span> <span class='ocrx_word' id='word_1_111' title='bbox 1675 2727 1802 2807; x_wconf 88' lang='lat' dir='ltr'>martii</span> <span class='ocrx_word' id='word_1_112' title='bbox 1821 2748 1941 2830; x_wconf 73' lang='lat'>1773</span> 
     </span>
     <span class='ocr_line' id='line_1_17' title="bbox 602 2843 1947 2957; baseline 0.001 -27"><span class='ocrx_word' id='word_1_113' title='bbox 602 2869 655 2930; x_wconf 87' lang='lat' dir='ltr'>ex</span> <span class='ocrx_word' id='word_1_114' title='bbox 678 2849 804 2932; x_wconf 86' lang='lat' dir='ltr'>altiori</span> <span class='ocrx_word' id='word_1_115' title='bbox 829 2848 924 2932; x_wconf 88' lang='lat' dir='ltr'>scala</span> <span class='ocrx_word' id='word_1_116' title='bbox 945 2870 1067 2956; x_wconf 86' lang='lat' dir='ltr'>prona</span> <span class='ocrx_word' id='word_1_117' title='bbox 1089 2848 1253 2942; x_wconf 84' lang='lat' dir='ltr'>cadens,</span> <span class='ocrx_word' id='word_1_118' title='bbox 1294 2851 1477 2931; x_wconf 87' lang='lat' dir='ltr'>verticem</span> <span class='ocrx_word' id='word_1_119' title='bbox 1502 2847 1675 2932; x_wconf 81' lang='lat' dir='ltr'>alliserat.</span> <span class='ocrx_word' id='word_1_120' title='bbox 1707 2843 1947 2957; x_wconf 74' lang='lat' dir='ltr'>Notaeaue·</span> 
     </span>
     <span class='ocr_line' id='line_1_18' title="bbox 601 2972 1944 3082; baseline -0.005 -28"><span class='ocrx_word' id='word_1_121' title='bbox 601 2994 714 3070; x_wconf 87' lang='lat' dir='ltr'>rant,</span> <span class='ocrx_word' id='word_1_122' title='bbox 739 2998 823 3078; x_wconf 82' lang='lat' dir='ltr'>qua</span> <span class='ocrx_word' id='word_1_123' title='bbox 849 2974 968 3060; x_wconf 87' lang='lat' dir='ltr'>cranii</span> <span class='ocrx_word' id='word_1_124' title='bbox 988 2972 1294 3082; x_wconf 80' lang='lat' dir='ltr'>perforationem</span> <span class='ocrx_word' id='word_1_125' title='bbox 1327 2975 1576 3070; x_wconf 87' lang='lat' dir='ltr'>indicabant,</span> <span class='ocrx_word' id='word_1_126' title='bbox 1610 2996 1727 3078; x_wconf 86' lang='lat' dir='ltr'>quare</span> <span class='ocrx_word' id='word_1_127' title='bbox 1746 2995 1787 3057; x_wconf 87' lang='lat' dir='ltr'>et</span> <span class='ocrx_word' id='word_1_128' title='bbox 1807 2974 1944 3061; x_wconf 77' lang='lat' dir='ltr'>adex.</span> 
     </span>
     <span class='ocr_line' id='line_1_19' title="bbox 601 3097 1944 3211; baseline 0.001 -30"><span class='ocrx_word' id='word_1_129' title='bbox 601 3099 764 3184; x_wconf 86' lang='lat' dir='ltr'>terrimo</span> <span class='ocrx_word' id='word_1_130' title='bbox 786 3103 967 3211; x_wconf 84' lang='lat' dir='ltr'>chirurgo</span> <span class='ocrx_word' id='word_1_131' title='bbox 988 3099 1160 3183; x_wconf 87' lang='lat' dir='ltr'>instituta</span> <span class='ocrx_word' id='word_1_132' title='bbox 1181 3097 1283 3195; x_wconf 87' lang='lat' dir='ltr'>fuit,</span> <span class='ocrx_word' id='word_1_133' title='bbox 1316 3099 1505 3202; x_wconf 74' lang='lat' dir='ltr'>simulque</span> <span class='ocrx_word' id='word_1_134' title='bbox 1531 3097 1793 3184; x_wconf 84' lang='lat' dir='ltr'>malaindicia</span> <span class='ocrx_word' id='word_1_135' title='bbox 1821 3099 1944 3206; x_wconf 87' lang='lat' dir='ltr'>dispa-</span> 
     </span>
     <span class='ocr_line' id='line_1_20' title="bbox 599 3223 1943 3329; baseline 0.002 -25"><span class='ocrx_word' id='word_1_136' title='bbox 599 3244 773 3306; x_wconf 87' lang='lat' dir='ltr'>ruerunt.</span> <span class='ocrx_word' id='word_1_137' title='bbox 842 3225 1084 3308; x_wconf 88' lang='lat' dir='ltr'>Procedente</span> <span class='ocrx_word' id='word_1_138' title='bbox 1105 3243 1282 3329; x_wconf 91' lang='lat' dir='ltr'>ternpore</span> <span class='ocrx_word' id='word_1_139' title='bbox 1308 3247 1353 3304; x_wconf 91' lang='lat' dir='ltr'>os</span> <span class='ocrx_word' id='word_1_140' title='bbox 1377 3226 1589 3318; x_wconf 83' lang='lat' dir='ltr'>nudatum,</span> <span class='ocrx_word' id='word_1_141' title='bbox 1615 3223 1661 3304; x_wconf 89' lang='lat' dir='ltr'>ad</span> <span class='ocrx_word' id='word_1_142' title='bbox 1679 3227 1844 3326; x_wconf 87' lang='lat' dir='ltr'>aliquam</span> <span class='ocrx_word' id='word_1_143' title='bbox 1865 3226 1943 3308; x_wconf 89' lang='lat' dir='ltr'>dis-</span> 
     </span>
     <span class='ocr_line' id='line_1_21' title="bbox 601 3333 1943 3454; baseline 0.003 -26"><span class='ocrx_word' id='word_1_144' title='bbox 601 3350 761 3432; x_wconf 85' lang='lat' dir='ltr'>tantiam</span> <span class='ocrx_word' id='word_1_145' title='bbox 784 3347 930 3430; x_wconf 78' lang='lat' dir='ltr'>asacio</span> <span class='ocrx_word' id='word_1_146' title='bbox 948 3333 1423 3452; x_wconf 72' lang='lat' dir='ltr'>foramine,se&#39;parationis</span> <span class='ocrx_word' id='word_1_147' title='bbox 1443 3344 1584 3429; x_wconf 85' lang='lat' dir='ltr'>futurae</span> <span class='ocrx_word' id='word_1_148' title='bbox 1605 3363 1716 3428; x_wconf 89' lang='lat' dir='ltr'>notas</span> <span class='ocrx_word' id='word_1_149' title='bbox 1737 3347 1943 3454; x_wconf 86' lang='lat' dir='ltr'>repraeseu-</span> 
     </span>
     <span class='ocr_line' id='line_1_22' title="bbox 600 3469 2050 3582; baseline 0.001 -30"><span class='ocrx_word' id='word_1_150' title='bbox 600 3475 704 3556; x_wconf 86' lang='lat' dir='ltr'>tabat</span> <span class='ocrx_word' id='word_1_151' title='bbox 719 3473 882 3576; x_wconf 89' lang='lat' dir='ltr'>‚quibus</span> <span class='ocrx_word' id='word_1_152' title='bbox 907 3469 1067 3556; x_wconf 86' lang='lat' dir='ltr'>addiem</span> <span class='ocrx_word' id='word_1_153' title='bbox 1084 3493 1139 3570; x_wconf 85' lang='lat'>19</span> <span class='ocrx_word' id='word_1_154' title='bbox 1154 3471 1301 3582; x_wconf 79' lang='lat' dir='ltr'>nugulli</span> <span class='ocrx_word' id='word_1_155' title='bbox 1321 3469 1689 3580; x_wconf 76' lang='lat' dir='ltr'>protractis,portio</span> <span class='ocrx_word' id='word_1_156' title='bbox 1711 3471 1819 3568; x_wconf 82' lang='lat' dir='ltr'>haec,</span> <span class='ocrx_word' id='word_1_157' title='bbox 1840 3497 1862 3554; x_wconf 87' lang='lat' dir='ltr'>a</span> <span class='ocrx_word' id='word_1_158' title='bbox 1883 3472 1944 3555; x_wconf 91' lang='lat' dir='ltr'>vi·</span> <span class='ocrx_word' id='word_1_159' title='bbox 2047 3481 2050 3488; x_wconf 88' lang='grc'><strong><em>’</em></strong></span> 
     </span>
    </p>

    <p class='ocr_par' dir='ltr' id='par_1_9' title="bbox 576 3595 1942 4712">
     <span class='ocr_line' id='line_1_23' title="bbox 576 3595 1942 3704; baseline 0 -26"><span class='ocrx_word' id='word_1_160' title='bbox 576 3599 697 3698; x_wconf 50' lang='lat' dir='ltr'>„cinis</span> <span class='ocrx_word' id='word_1_161' title='bbox 728 3595 873 3693; x_wconf 86' lang='lat' dir='ltr'>soluta,</span> <span class='ocrx_word' id='word_1_162' title='bbox 900 3597 1016 3680; x_wconf 85' lang='lat' dir='ltr'>eximi</span> <span class='ocrx_word' id='word_1_163' title='bbox 1040 3598 1184 3704; x_wconf 88' lang='lat' dir='ltr'>potuit.</span> <span class='ocrx_word' id='word_1_164' title='bbox 1240 3596 1441 3680; x_wconf 90' lang='lat' dir='ltr'>Internum</span> <span class='ocrx_word' id='word_1_165' title='bbox 1464 3597 1582 3678; x_wconf 86' lang='lat' dir='ltr'>cranii</span> <span class='ocrx_word' id='word_1_166' title='bbox 1609 3599 1835 3704; x_wconf 84' lang='lat' dir='ltr'>periollium</span> <span class='ocrx_word' id='word_1_167' title='bbox 1858 3598 1942 3680; x_wconf 79' lang='lat' dir='ltr'>stite</span> 
     </span>
     <span class='ocr_line' id='line_1_24' title="bbox 600 3711 1937 3830; baseline 0.001 -26"><span class='ocrx_word' id='word_1_168' title='bbox 600 3723 695 3805; x_wconf 82' lang='lat' dir='ltr'>dura</span> <span class='ocrx_word' id='word_1_169' title='bbox 727 3742 849 3806; x_wconf 84' lang='lat' dir='ltr'>mater</span> <span class='ocrx_word' id='word_1_170' title='bbox 872 3723 1049 3806; x_wconf 83' lang='lat' dir='ltr'>cicatrice</span> <span class='ocrx_word' id='word_1_171' title='bbox 1074 3723 1319 3806; x_wconf 84' lang='lat' dir='ltr'>intervallum</span> <span class='ocrx_word' id='word_1_172' title='bbox 1340 3711 1535 3830; x_wconf 61' lang='lat' dir='ltr'>replevit.</span> <span class='ocrx_word' id='word_1_173' title='bbox 1561 3720 1625 3803; x_wconf 90' lang='lat' dir='ltr'>sed</span> <span class='ocrx_word' id='word_1_174' title='bbox 1655 3725 1753 3812; x_wconf 88' lang='lat' dir='ltr'>adeo</span> <span class='ocrx_word' id='word_1_175' title='bbox 1779 3741 1937 3820; x_wconf 53' lang='lat' dir='ltr'>tenerae</span> 
     </span>
     <span class='ocr_line' id='line_1_25' title="bbox 598 3845 1940 3956; baseline 0.001 -26"><span class='ocrx_word' id='word_1_176' title='bbox 598 3865 644 3930; x_wconf 91' lang='lat' dir='ltr'>ut</span> <span class='ocrx_word' id='word_1_177' title='bbox 667 3867 821 3946; x_wconf 88' lang='lat' dir='ltr'>motus,</span> <span class='ocrx_word' id='word_1_178' title='bbox 845 3869 926 3952; x_wconf 93' lang='lat' dir='ltr'>quo</span> <span class='ocrx_word' id='word_1_179' title='bbox 963 3846 1176 3954; x_wconf 88' lang='lat' dir='ltr'>pulsatione</span> <span class='ocrx_word' id='word_1_180' title='bbox 1206 3847 1430 3930; x_wconf 89' lang='lat' dir='ltr'>arteriarum</span> <span class='ocrx_word' id='word_1_181' title='bbox 1463 3865 1528 3932; x_wconf 92' lang='lat' dir='ltr'>aut</span> <span class='ocrx_word' id='word_1_182' title='bbox 1550 3845 1799 3956; x_wconf 88' lang='lat' dir='ltr'>respiratione</span> <span class='ocrx_word' id='word_1_183' title='bbox 1834 3871 1940 3934; x_wconf 87' lang='lat' dir='ltr'>cere-</span> 
     </span>
     <span class='ocr_line' id='line_1_26' title="bbox 598 3971 1935 4083; baseline -0.004 -25"><span class='ocrx_word' id='word_1_184' title='bbox 598 3975 714 4058; x_wconf 88' lang='lat' dir='ltr'>brum</span> <span class='ocrx_word' id='word_1_185' title='bbox 739 3975 858 4056; x_wconf 89' lang='lat' dir='ltr'>modo</span> <span class='ocrx_word' id='word_1_186' title='bbox 879 3971 1122 4072; x_wconf 64' lang='lat' dir='ltr'>substitisse,</span> <span class='ocrx_word' id='word_1_187' title='bbox 1135 3973 1253 4060; x_wconf 90' lang='lat' dir='ltr'>modo</span> <span class='ocrx_word' id='word_1_188' title='bbox 1274 3973 1438 4072; x_wconf 89' lang='lat' dir='ltr'>attollit,</span> <span class='ocrx_word' id='word_1_189' title='bbox 1462 3971 1632 4080; x_wconf 93' lang='lat' dir='ltr'>conspici</span> <span class='ocrx_word' id='word_1_190' title='bbox 1654 3975 1826 4078; x_wconf 92' lang='lat' dir='ltr'>potuerit</span> <span class='ocrx_word' id='word_1_191' title='bbox 1847 3971 1935 4083; x_wconf 71' lang='lat' dir='ltr'>(a).</span> 
     </span>
     <span class='ocr_line' id='line_1_27' title="bbox 598 4081 1934 4196; baseline -0.001 -15"><span class='ocrx_word' id='word_1_192' title='bbox 598 4097 736 4182; x_wconf 87' lang='lat' dir='ltr'>Postea</span> <span class='ocrx_word' id='word_1_193' title='bbox 778 4123 893 4196; x_wconf 89' lang='lat' dir='ltr'>vero,</span> <span class='ocrx_word' id='word_1_194' title='bbox 922 4097 1125 4182; x_wconf 83' lang='lat' dir='ltr'>undecima</span> <span class='ocrx_word' id='word_1_195' title='bbox 1146 4095 1209 4178; x_wconf 85' lang='lat' dir='ltr'>die</span> <span class='ocrx_word' id='word_1_196' title='bbox 1231 4095 1428 4194; x_wconf 76' lang='lat' dir='ltr'>octonas,</span> <span class='ocrx_word' id='word_1_197' title='bbox 1449 4097 1574 4180; x_wconf 86' lang='lat' dir='ltr'>valida</span> <span class='ocrx_word' id='word_1_198' title='bbox 1605 4081 1762 4184; x_wconf 82' lang='lat' dir='ltr'>cicatrix</span> <span class='ocrx_word' id='word_1_199' title='bbox 1781 4096 1934 4193; x_wconf 80' lang='lat' dir='ltr'>ossea,</span> 
     </span>
     <span class='ocr_line' id='line_1_28' title="bbox 597 4220 1937 4338; baseline 0.001 -36"><span class='ocrx_word' id='word_1_200' title='bbox 597 4222 816 4324; x_wconf 86' lang='lat' dir='ltr'>quodinter</span> <span class='ocrx_word' id='word_1_201' title='bbox 838 4222 1097 4307; x_wconf 85' lang='lat' dir='ltr'>ossavacuum</span> <span class='ocrx_word' id='word_1_202' title='bbox 1120 4241 1199 4304; x_wconf 88' lang='lat' dir='ltr'>erat</span> <span class='ocrx_word' id='word_1_203' title='bbox 1220 4220 1384 4328; x_wconf 85' lang='lat' dir='ltr'>spatium</span> <span class='ocrx_word' id='word_1_204' title='bbox 1401 4225 1578 4329; x_wconf 88' lang='lat' dir='ltr'>implevit</span> <span class='ocrx_word' id='word_1_205' title='bbox 1591 4220 1675 4338; x_wconf 81' lang='lat' dir='ltr'>(b).</span> <span class='ocrx_word' id='word_1_206' title='bbox 1691 4223 1748 4304; x_wconf 87' lang='lat' dir='ltr'>Os</span> <span class='ocrx_word' id='word_1_207' title='bbox 1761 4241 1937 4306; x_wconf 77' lang='lat' dir='ltr'>enatura</span> 
     </span>
     <span class='ocr_line' id='line_1_29' title="bbox 596 4346 1935 4458; baseline 0.004 -32"><span class='ocrx_word' id='word_1_208' title='bbox 596 4347 649 4427; x_wconf 90' lang='lat' dir='ltr'>ita</span> <span class='ocrx_word' id='word_1_209' title='bbox 671 4346 835 4432; x_wconf 86' lang='lat' dir='ltr'>solutum</span> <span class='ocrx_word' id='word_1_210' title='bbox 857 4369 899 4432; x_wconf 92' lang='lat' dir='ltr'>et</span> <span class='ocrx_word' id='word_1_211' title='bbox 916 4348 1127 4458; x_wconf 73' lang='lat' dir='ltr'>separatam</span> <span class='ocrx_word' id='word_1_212' title='bbox 1153 4350 1253 4430; x_wconf 82' lang='lat' dir='ltr'>clare</span> <span class='ocrx_word' id='word_1_213' title='bbox 1273 4351 1574 4448; x_wconf 87' lang='lat' dir='ltr'>evincit,etinm</span> <span class='ocrx_word' id='word_1_214' title='bbox 1588 4351 1628 4432; x_wconf 95' lang='lat' dir='ltr'>in</span> <span class='ocrx_word' id='word_1_215' title='bbox 1652 4349 1729 4430; x_wconf 82' lang='lat' dir='ltr'>lroc</span> <span class='ocrx_word' id='word_1_216' title='bbox 1749 4349 1935 4436; x_wconf 50' lang='lat' dir='ltr'>casulin-</span> 
     </span>
     <span class='ocr_line' id='line_1_30' title="bbox 595 4460 1937 4580; baseline -0.001 -26"><span class='ocrx_word' id='word_1_217' title='bbox 595 4491 745 4554; x_wconf 76' lang='lat' dir='ltr'>tema&#39;nt</span> <span class='ocrx_word' id='word_1_218' title='bbox 767 4475 859 4556; x_wconf 80' lang='lat' dir='ltr'>ossis</span> <span class='ocrx_word' id='word_1_219' title='bbox 891 4477 1062 4558; x_wconf 87' lang='lat' dir='ltr'>tabulam</span> <span class='ocrx_word' id='word_1_220' title='bbox 1095 4475 1225 4580; x_wconf 90' lang='lat' dir='ltr'>plures</span> <span class='ocrx_word' id='word_1_221' title='bbox 1257 4472 1401 4556; x_wconf 86' lang='lat' dir='ltr'>fissuras</span> <span class='ocrx_word' id='word_1_222' title='bbox 1444 4475 1587 4580; x_wconf 88' lang='lat' dir='ltr'>passam</span> <span class='ocrx_word' id='word_1_223' title='bbox 1624 4473 1772 4574; x_wconf 85' lang='lat' dir='ltr'>fuisse‚·</span> <span class='ocrx_word' id='word_1_224' title='bbox 1805 4460 1937 4575; x_wconf 79' lang='lat' dir='ltr'>neque</span> 
     </span>
     <span class='ocr_line' id='line_1_31' title="bbox 596 4595 1933 4712; baseline 0 -34"><span class='ocrx_word' id='word_1_225' title='bbox 596 4595 679 4705; x_wconf 79' lang='lat' dir='ltr'>ejus</span> <span class='ocrx_word' id='word_1_226' title='bbox 714 4595 947 4688; x_wconf 85' lang='lat' dir='ltr'>solutionem</span> <span class='ocrx_word' id='word_1_227' title='bbox 980 4599 1037 4688; x_wconf 89' lang='lat' dir='ltr'>illi</span> <span class='ocrx_word' id='word_1_228' title='bbox 1070 4617 1236 4688; x_wconf 83' lang='lat' dir='ltr'>externe</span> <span class='ocrx_word' id='word_1_229' title='bbox 1259 4599 1519 4712; x_wconf 80' lang='lat' dir='ltr'>respondisse3</span> <span class='ocrx_word' id='word_1_230' title='bbox 1553 4601 1788 4706; x_wconf 86' lang='lat' dir='ltr'>aliquantum</span> <span class='ocrx_word' id='word_1_231' title='bbox 1817 4595 1933 4680; x_wconf 84' lang='lat' dir='ltr'>latius</span> 
     </span>
    </p>
   </div>
   <div class='ocr_carea' id='block_1_9' title="bbox 0 0 2374 5880">
    <p class='ocr_par' dir='ltr' id='par_1_10' title="bbox 0 0 2374 5880">
     <span class='ocr_line' id='line_1_32' title="bbox 0 0 2374 5880; baseline 0 6"><span class='ocrx_word' id='word_1_232' title='bbox 0 0 2374 5880; x_wconf 95' lang='lat' dir='ltr'> </span> 
     </span>
    </p>
   </div>
   <div class='ocr_carea' id='block_1_10' title="bbox 1866 4741 2047 4814">
    <p class='ocr_par' dir='ltr' id='par_1_11' title="bbox 1866 4741 2047 4814">
     <span class='ocr_line' id='line_1_33' title="bbox 1866 4741 2047 4814; baseline 0.05 -8"><span class='ocrx_word' id='word_1_233' title='bbox 1866 4741 2047 4814; x_wconf 63' lang='lat' dir='ltr'>alab·</span> 
     </span>
    </p>
   </div>
  </div>
 </body>
</html>
