4722 5896
595 662 1562 764 ossroMnronnosonuM.
1681 687 1771 782 aa,

405 921 490 1004 tur,
517 903 621 988 callo
658 899 838 984 indurato
875 895 1063 984 tuberosa.
1123 899 1238 982 Sinus
1275 896 1410 980 rotulae
1445 893 1588 978 delicit.
1653 889 1758 974 Oia·-

406 1053 564 1114 oranum
585 1027 756 1124 latescit,
782 1022 1035 1133 proceesnbus
1063 1023 1178 1111 osseis
1211 1023 1393 1106 obsitum.
1442 1021 1634 1114 Caeterum
1666 1015 1758 1100 hoo.
1798 1061 1799 1074 κ

406 1155 514 1251 ossa,
538 1175 776 1258 quaeavum
800 1153 951 1236 articuli
986 1147 1186 1258 speeiem,
1222 1146 1362 1232 cariosa
1383 1146 1510 1244 sunt,
1545 1164 1585 1230 et
1618 1163 1759 1228 tamen

407 1297 555 1387 coeptae
578 1279 839 1363 concretionis
860 1297 963 1364 notoe
984 1273 1174 1361 visuntur.

487 1485 662 1562 Baithazrr·
679 1512 759 1564 over
788 1496 829 1566 de
853 1437 1129 1586 beenbederuing.
1159 1512 1197 1580 p..
1215 1508 1264 1578 ¹4·
1294 1491 1415 1575 Aeaei,
1438 1485 1632 1558 Suerdsche
1659 1487 1763 1560 ared.-

405 1571 561 1644 verhand.
582 1579 698 1647 adeel
722 1579 766 1647 bl.
788 1597 841 1666 55.
864 1580 930 1648 tab.
953 1589 984 1651 ιι
1003 1579 1059 1670 fig.
1082 1599 1116 1668 4.

424 1825 428 1838 .
471 1757 691 1843 lxxxix,
728 1762 823 1848 Ossa
843 1766 967 1849 cubiti
987 1780 1028 1870 et
1053 1765 1157 1871 carpi
1178 1761 1348 1850 mulieris
1371 1755 1535 1856 adulte,
1558 1784 1644 1864 quae
1658 1763 1761 1869 liga-

407 1883 549 1976 mentis
578 1885 775 1968 coherent
799 1904 839 1967 et
869 1889 910 1968 in
931 1889 1085 1988 liquore
1105 1888 1361 1972 asservantur·
1394 1887 1533 1969 Ulcera
1556 1887 1767 1980 diuturna„

407 2005 598 2104 fistulosa,
621 2010 815 2115 praecipue
838 2011 944 2116 carpi
965 2010 1120 2096 dorsum
1140 2010 1428 2096 infestaverant.
1473 2009 1622 2091 Radius
1649 2012 1765 2091 circa

409 2133 542 2216 ulnam
566 2133 607 2216 in
631 2157 798 2240 pronum
832 2133 1054 2224 conversus.
1112 2135 1335 2245 Capitulum
1367 2139 1508 2231 ulna,
1542 2132 1649 2238 quod
1684 2155 1765 2242 per

408 2256 534 2342 finuan
555 2261 749 2349 lateralem
780 2259 877 2344 radii
912 2263 1082 2350 extremi
1103 2265 1319 2372 recipitur,
1351 2259 1417 2344 sua
1447 2257 1535 2343 sede
1559 2260 1763 2344 dimotum.¹

255 2407 257 2415 ⁴
408 2383 550 2482 efficit,
582 2408 626 2468 ut
647 2385 774 2467 radius
803 2391 844 2470 in
874 2386 1055 2494 supinum
1092 2390 1270 2474 converti
1300 2385 1413 2469 haud'
1427 2387 1623 2489 potuerir3
1657 2384 1763 2466 radii·
1823 2403 1827 2410 “
1861 2465 1863 2471 ,

411 2505 516 2588 finus
547 2511 623 2594 ossa
645 2511 859 2592 naviculari
891 2513 996 2620 carpi
1029 2514 1211 2606 coaluit,
1246 2534 1291 2590 os
1328 2511 1503 2588 lunatum
1535 2510 1722 2610 triquetro
1736 2532 1761 2606 ς.

314 2653 321 2660 ·
384 2685 386 2693 1
409 2631 891 2735 multangula‚capitatum
912 2643 953 2708 et
970 2626 1224 2726 'unciforme,
1240 2631 1308 2710 vix
1330 2629 1627 2738 distinguuntur.
1664 2630 1755 2714 Par-

270 2840 284 2855 „
410 2749 1031 2860 tesmolles,lymphainspissata
1054 2755 1209 2840 tumida
1223 2809 1237 2852 ‚
1252 2751 1336 2838 sere
1357 2757 1399 2838 in
1415 2755 1675 2864 cartilaginem
1687 2755 1758 2841 de·

410 2895 697 2989 generaverant.
742 2879 975 2988 Amputatio
998 2880 1039 2961 in
1056 2878 1356 3010 humerosatia.

475 3093 889 3181 LC.Coxas1nistra.
956 3095 1216 3179 Acetabulum
1238 3099 1433 3206 amplum,
1466 3097 1671 3206 supercilio
1688 3127 1760 3194 os-
1897 3120 1904 3132 '

409 3219 473 3302 seo
499 3219 636 3331 insigni
658 3247 708 3306 ex
733 3238 842 3329 parte
873 3217 1069 3327 superiore
1102 3225 1372 3317 terminatum,
1408 3240 1522 3327 atque
1546 3225 1639 3310 hinc
1664 3249 1754 3333 pro·

408 3345 602 3445 fundum,
635 3346 700 3429 sed
721 3347 974 3450 inaequabile:
1006 3362 1131 3454 partes
1163 3348 1283 3441 duae,
1315 3348 1356 3431 in
1388 3371 1482 3450 quas
1509 3351 1759 3434 acetabulum·

410 3473 584 3554 naturale
607 3470 771 3556 divisum
794 3471 874 3570 est,
902 3471 974 3554 vix
990 3473 1227 3580 conspicuae:
1261 3470 1376 3582 igitur
1398 3475 1515 3566 callus
1535 3477 1756 3562 increscens

410 3621 562 3680 novum
596 3595 773 3683 deforme
796 3599 1040 3683 acetabulum
1075 3599 1254 3698 effinxit,
1289 3601 1407 3707 capiti
1431 3597 1591 3684 semoris
1625 3598 1755 3685 desor-

410 3740 515 3810 rnato
536 3722 784 3831 respondens.
854 3749 859 3759 ·

488 3924 664 4028 Morgagn.
684 3934 785 4023 Epist.
803 3943 855 4014 69.
877 3950 935 4004 arr·
957 3955 1008 4006 ro.
1031 4035 1038 4050 ι

419 4145 424 4152 “
476 4124 583 4209 XCI.
618 4122 797 4212 Feruoris
818 4125 947 4210 dextri
972 4149 1057 4233 pars
1089 4127 1286 4236 superior..
1334 4128 1489 4213 Collurn
1515 4131 1749 4222 tuberosum.

413 4247 540 4357 Caput
563 4254 1030 4366 amplum,elougatum‚
1053 4257 1338 4355 acuminatum
1352 4257 1608 4363 paraverticis
1622 4315 1635 4350 ,
1649 4265 1753 4344 collo

300 4383 309 4406 ·
410 4378 1262 4490 proxima,prolatata,atterendoexpolita.
1310 4382 1755 4496 Sinus‚cuiligan1en·
1905 4483 1910 4494 ¹

382 4521 495 4613 turn
515 4519 615 4587 teres
637 4507 822 4642 alligitur,
856 4530 939 4591 non
973 4509 1127 4615 penitus
1158 4507 1319 4590 deletus.

475 4719 613 4813 nell.
636 4724 727 4812 Pars
760 4727 921 4818 femoris
954 4731 1080 4944 dextg
1101 4732 1283 4842 superior.
1342 4733 1469 4842 Caput
1502 4699 1629 4822 forma
1661 4739 1766 4818 coni

1086 4925 1089 4930 .
1115 4883 1151 4964 3,
1534 4925 1537 4932 .
1644 4863 1751 4946 elon.
