4722 5896
417 593 420 600 ’
562 675 656 802 φ·
732 609 1554 770 [trrrrrsrurtur

590 891 778 982 setesrue
797 889 945 978 dolore.
994 894 1139 1002 ‘ltaque
1162 898 1288 1010 rigido
1310 903 1351 984 'et
1364 925 1506 1010 patum
1526 915 1734 990 recurvato
1765 906 1933 996 articulo

587 1024 809 1129 perplures
837 1045 962 1104 aurros
994 1026 1272 1109 obambulavit.
1330 1027 1464 1112 Multa
1488 1047 1669 1129 tenum,
1694 1055 1823 1137 neque
1855 1057 1930 1116 uu»

589 1144 987 1254 uuam'profueruut,
1022 1148 1149 1232 donec
1170 1155 1274 1234 mole
1310 1169 1352 1234 et
1373 1154 1553 1262 pondere
1581 1160 1782 1256 tumoris,
1815 1157 1929 1242 aueo

580 1269 700 1354 'sunul
722 1271 881 1367 dolore,
916 1269 1018 1353 letio
1038 1272 1216 1358 detentus
1246 1275 1483 1384 resupinatus
1516 1283 1657 1368 cubare
1700 1305 1928 1392 cogeretur,

584 1396 799 1480 femoribus
825 1395 1066 1494 divaricatis,
1097 1401 1201 1504 pede
1222 1405 1338 1511 ualgo
1356 1405 1441 1488 five
1461 1425 1571 1490 errae
1608 1409 1819 1507 inclinato,
1846 1425 1928 1490 tatr-

585 1523 753 1626 demque
775 1525 894 1606 totius
908 1526 1089 1632 corporis
1112 1525 1249 1610 habitu
1268 1529 1407 1616 uitiato
1421 1585 1436 1628 ,
1449 1529 1562 1618 febre
1580 1535 1686 1616 lenta
1705 1531 1927 1624 decederet.

584 1647 642 1728 Ut
662 1667 791 1730 autern
814 1666 897 1731 tota
917 1649 1043 1730 vitiati
1062 1649 1213 1752 articuli
1245 1649 1452 1740 fabricatio
1488 1679 1823 1766 cognosceretur,
1863 1659 1929 1748 in·

464 1763 469 1774 ’
583 1771 656 1856 cisa
678 1776 1002 1879 parte‚interiora
1030 1775 1217 1861 scrutatus
1236 1777 1333 1862 sum.
1359 1781 1598 1864 ·Crass1tudo
1621 1787 1782 1864 tumoris
1807 1783 1929 1864 maxi·

582 1922 645 1982 trra
672 1901 773 2004 poll.
799 1913 890 1988 xxx.
923 1900 1122 2004 adequat3
1143 1905 1377 2000 circuitus,
1421 1919 1530 2009 parte
1552 1906 1710 2010 priori,
1751 1904 1926 2008 ejusdem

582 2041 665 2108 erat
695 2021 895 2116 mensura.
930 2023 1098 2112 ,Varices
1121 2025 1286 2136 grandes
1312 2051 1358 2110 ec
1379 2052 1532 2129 curve,
1553 2032 1727 2140 itemque
1746 2029 1842 2112 rami
1866 2051 1927 2116 arn

537 2205 545 2220 ·
582 2148 688 2231 teriae
716 2151 879 2240 ‚cruralis
902 2171 972 2256 per
991 2153 1224 2252 interualla,
1255 2178 1341 2257 quae
1370 2155 1472 2236 inter
1493 2155 1627 2240 tubera
1652 2155 1924 2258 relinqueban-

582 2292 670 2366 tur,
702 2271 982 2364 discutrebaut,
1043 2277 1138 2360 Pars
1165 2279 1329 2368 tumoris
1360 2279 1467 2385 prior
1499 2297 1538 2362 et
1556 2281 1753 2374 interior,
1799 2300 1923 2382 eaque

577 2402 698 2504 louge
720 2400 907 2492 maxima,
929 2419 1148 2512 extenuata
1178 2421 1270 2490 cute
1293 2400 1493 2501 obdulie,
1526 2404 1621 2490 dura
1652 2423 1762 2501 erat,
1795 2403 1921 2511 digito

577 2521 771 2630 prementi
795 2524 978 2604 renitens.
1050 2526 1143 2608 Nec
1175 2533 1353 2622 mirum,
1386 2555 1590 2629 namque,
1620 2549 1717 2622 ,cute
1752 2521 1922 2620 detraita

578 2647 891 2750 membranisque
909 2641 1110 2742 deductis,
1140 2643 1267 2726 crusta
1289 2643 1395 2727 ossea
1437 2647 1544 2732 louis
1589 2647 1830 2749 inequabllr's
1860 2668 1920 2732 tu·
2066 2651 2070 2658 '

578 2794 730 2856 tuorem
745 2773 823 2854 lrac
844 2788 953 2878 parte
978 2771 1209 2882 contingens
1232 2769 1492 2868 cernebaturr
1526 2770 1590 2856 cui
1643 2795 1692 2852 ex
1732 2770 1919 2859 inferiore

576 2917 711 3005 parte,
744 2899 917 3000 reliquie
938 2893 1107 2980 tendinis
1138 2895 1359 2978 eommunis
1387 2892 1637 2983 extensurum
1654 2898 1778 2989 ,curris
1800 2899 1919 2992 inha-

495 3015 499 3022 ’
576 3026 737 3118 rebant,
765 3045 904 3120 carne,
932 3045 980 3106 ex
994 3044 1079 3123 uua
1102 3020 1251 3115 oritur,
1270 3018 1356 3102 fere
1370 3017 1591 3126 deperdita,
1618 3024 1681 3104 vel
1705 3021 1919 3108 increscen-

554 3167 615 3238 „te
638 3169 789 3238 tumore
809 3149 852 3258 iu
871 3159 1019 3254 partem
1032 3147 1229 3244 lateralem
1248 3146 1446 3226 inclinata.
1520 3148 1825 3252 Ligameutum,
1843 3173 1920 3254 pa·

570 3275 705 3376 tellam
730 3297 821 3357 curn
842 3272 939 3355 tibia
960 3268 1221 3370 connectens,
1252 3265 1618 3364 centuriauerat:
1648 3270 1744 3352 hinc
1758 3273 1919 3368 brevite.

577 3424 694 3504 quatu
714 3400 938 3484 naturaliter
957 3399 1037 3484 esse
1061 3397 1203 3509 debet,
1229 3397 1421 3500 integrum
1443 3414 1585 3480 tamen.
1629 3393 1711 3501 Ipsa
1733 3419 1826 3478 vero
1845 3424 1916 3505 pa·

574 3527 668 3608 tella
688 3529 787 3631 parti
809 3527 931 3632 priori
961 3522 1138 3628 inferiori
1167 3545 1210 3618 et
1229 3523 1365 3608 mediae
1381 3521 1519 3626 crusta
1541 3521 1654 3606 osleae
1681 3527 1915 3634 agglutinata

530 3723 535 3734 .
579 3668 670 3736 erat.
703 3653 958 3760 Ligaruenta,
975 3677 1068 3756 que
1099 3653 1303 3736 articulum
1339 3651 1521 3756 colligant
1551 3667 1593 3731 et
1610 3651 1845 3746 continent,
1869 3668 1916 3731 ur

573 3795 617 3860 et
645 3777 882 3886 cartilagiues
917 3774 1163 3862 semilunares
1193 3774 1337 3860 femori
1360 3791 1400 3856 et
1430 3775 1532 3856 tibiae
1552 3777 1774 3859 naturaliter
1794 3777 1915 3856 inter-

568 3900 908 4018 *ieelaessorruptae
930 3923 1038 3987 erant
1058 3923 1097 3986 et
1117 3903 1202 3987 fere
1222 3899 1454 4008 deperditae:
1476 3899 1569 3982 hinc
1589 3901 1769 3982 articulus
1795 3898 1915 3982 disso·

552 4033 709 4132 'lutus‚
731 4029 801 4114 nist
815 4028 930 4132 ,traod
951 4033 1056 4116 ,tibia
1071 4030 1228 4127 ,media
1247 4029 1411 4134 patella,
1433 4024 1593 4110 feruoris
1625 4026 1766 4108 cortici
1787 4024 1913 4106 adlrae·

577 4171 692 4236 reret.
733 4155 848 4238 Sinus
881 4151 1039 4237 verticis
1065 4155 1167 4236 tibiae
1197 4157 1366 4236 exterior
1398 4152 1617 4260 cartilagine
1651 4149 1912 4250 incrustatus3

576 4279 736 4360 interior
756 4277 1307 4388 vero,cartilagirre‘orbtrus,
1323 4280 1429 4390 carie
1461 4275 1594 4361 exesus
1624 4295 1715 4358 erat.
1784 4271 1913 4380 Caput

578 4400 707 4484 libulae
723 4401 894 4509 superius
915 4404 1219 4512 cartilaginosum
1231 4459 1244 4496 ,
1257 4406 1473 4510 integrum,
1485 4427 1576 4486 cum
1594 4403 1754 4506 planitie
1765 4402 1912 4482 cottila,

574 4525 707 4636 ginosa
727 4530 862 4632 capitis
889 4532 994 4613 tibia
1023 4527 1270 4614 commissum
1301 4548 1392 4610 erat.
1470 4529 1562 4610 Pars
1591 4525 1755 4612 tumoris
1784 4523 1912 4632 polie-

574 4653 659 4746 rlot
689 4653 770 4744 sure
799 4656 981 4766 poplitaea
1012 4658 1197 4756 mollior,
1212 4655 1380 4756 cedens,
1401 4651 1478 4758 ,sed
1496 4671 1651 4744 remoto
1667 4653 1795 4767 digito
1816 4673 1910 4874 efor-

1852 4797 1910 4866 elr
2004 4826 2008 4832 ⁸
