4722 5896
425 759 431 766 ,
552 591 868 756 ossruu
918 661 1530 788 uouauosouuru.
1667 631 1832 776 57f

386 883 554 1010 diffracti
579 909 619 976 et
641 889 847 1000 deperditi.
912 891 1025 979 Dens
1048 897 1209 981 caninus
1247 894 1396 980 sinister
1437 895 1621 1004 priorque
1654 919 1735 978 ma·

388 1019 559 1114 xillarir,
587 1035 684 1122 eum
697 1018 857 1104 -doobus
871 1003 998 1122 osseis}
1018 1021 1243 1134 fragmentis
1268 1021 1414 1108 sursum
1433 1021 1532 1132 pulsr
1543 1075 1558 1118 ,
1575 1046 1596 1102 a
1616 1024 1734 1104 latere

305 1147 330 1162 ”
387 1145 470 1232 nasr
496 1135 810 1246 adscenderunt,
843 1147 976 1252 ibique
997 1172 1067 1257 per
1095 1153 1236 1234 callum
1272 1165 1567 1232 concreverunt.
1643 1147 1734 1230 Ma·

388 1267 480 1355 xilla
502 1267 667 1354 inferior
687 1271 840 1355 duobus
860 1273 904 1354 in
925 1268 1023 1357 locis
1046 1271 1252 1358 fracluram
1275 1273 1379 1384 passa
1405 1271 1508 1356 fuit:
1531 1291 1734 1376 utramque

390 1398 527 1492 callus'
545 1395 727 1482 firmavit.
793 1396 947 1484 Horum
981 1385 1257 1484 uramentum
1295 1398 1448 1482 osseum
1480 1399 1610 1480 divisrt
1635 1399 1736 1478 inter

389 1519 548 1608 dentem
569 1520 762 1606 tomicuur
783 1521 992 1608 secundum
1017 1543 1056 1608 et
1078 1528 1262 1609 caninum
1282 1522 1495 1608 finistrurn:
1512 1522 1603 1608 dum
1625 1519 1737 1606 simul
1834 1551 1842 1562 ·

390 1651 549 1755 c·:pa'rte
580 1648 756 1731 interiori
784 1651 951 1732 martille
993 1651 1066 1732 alia
1100 1649 1339 1760 conspicitur
1368 1646 1497 1731 fissura
1519 1689 1543 1745 „
1569 1673 1680 1752 quc,
1714 1669 1738 1730 a

392 1771 529 1855 dextro
552 1774 701 1854 tourlco
722 1770 840 1854 dente
859 1772 1053 1870 secundo,
1076 1798 1166 1858 cum
1186 1773 1422 1882 precedenti
1445 1775 1609 1858 maxilla
1637 1773 1737 1856 divi·

392 1897 504 2006 stone
528 1895 693 2008 confluit
727 1897 935 1994 inunum,
969 1900 1023 2010 ita
1046 1915 1090 1985 ut
1110 1900 1234 1984 media
1270 1901 1335 1996 illa
1356 1922 1442 2006 pars
1464 1899 1627 1983 maxillae
1649 1921 1739 1980 curn

344 2012 348 2024 ’
391 2025 515 2106 tribus
540 2019 723 2108 dentibus
745 2021 914 2106 inclsrvis
941 2023 1095 2132 penitus
1120 2024 1240 2108 soluta
1264 2022 1640 2140 fuerit,iterunrque
1660 2024 1743 2130 glu-

393 2150 527 2256 tinata.
552 2166 575 2176 ‘·
594 2148 958 2240 Praetera···1ntxl‚lla
1017 2148 1123 2256 lapsu
1158 2145 1380 2246 retroacta,
1415 2137 1463 2228 et¹
1486 2135 1663 2251 condylis
1685 2147 1743 2228 di·

393 2276 576 2359 varicatis
596 2275 704 2380 juxta
725 2275 931 2360 articulum
954 2271 1133 2360 dextrum
1165 2274 1309 2358 sraela:
1330 2274 1515 2386 ¹capitulo
1538 2333 1552 2372 ,
1585 2298 1667 2377 quo
1695 2269 1743 2353 ad

395 2379 602 2502 articulum
639 2401 834 2506 pertinet,
857 2422 879 2477 a
904 2381 1219 2496 colludecuslo,
1253 2400 1360 2502 quod
1397 2397 1487 2478 dein
1524 2400 1632 2477 lateri
1655 2397 1746 2480 colli

361 2603 365 2609 .
395 2521 884 2626 intuoot·parun,-supra
906 2521 1083 2618 foramen
1106 2519 1394 2624 canalis,quod
1421 2521 1745 2617 nervus,arteriu

396 2667 438 2734 et
457 2645 891 2745 renarintrantffuedio
911 2633 1180 2745 ‚callolcoalult
1193 2643 1453 2757 (a).luterim
1475 2643 1638 2730 facultas
1661 2670 1746 2730 mo·

397 2793 461 2860 tus
478 2773 651 2858 ‘maxillae
668 2769 879 2888 restituta:-
898 2791 1070 2888 ueroque
1103 2773 1343 2870 acuminatus
1387 2771 1480 2852 colli
1500 2793 1636 2856 vertex
1656 2795 1748 2871 curn

398 2901 486 2986 finu
508 2899 602 2983 ossrs
624 2897 837 3004 temporis,
874 2894 1085 3000 capitulum
1109 2919 1204 2979 vero
1225 2896 1386 2992 devium
1409 2919 1500 2982 cum
1521 2917 1630 3004 parte
1650 2901 1747 2986 late·

400 3026 472 3112 rali
497 3023 695 3130 tuberculi
717 3022 809 3102 ossrs
842 3018 1027 3135 temporis
1064 3015 1407 3138 committebatur..
1471 3023 1594 3132 Igitur
1616 3027 1748 3109 vultus

401 3145 619 3234 hoc-latere
645 3143 827 3250 obliquus
849 3141 943 3226 fuit.
962 3148 984 3188 ‘³
1020 3223 1022 3228 ,
1355 3151 1360 3162 “

446 3342 507 3428 (α)
526 3337 699 3428 Morgagni
715 3338 748 3407 ln
763 3337 855 3424 epist.
878 3351 961 3408 anat.
979 3340 1119 3426 sofan.
1143 3359 1196 3412 ar.
1217 3337 1264 3410 lbi
1283 3340 1374 3411 simul
1396 3340 1623 3412 edentularum
1643 3341 1756 3411 martil-

388 3429 453 3498 vlas
474 3424 645 3524 solidiorea
676 3423 790 3576 mapiq
806 3424 845 3488 atl
873 3423 1217 3524 fraelqrasuispolitas
1242 3430 1307 3496 elle
1330 3429 1446 3496 statuit.
1467 3427 1562 3498 Plura
1583 3430 1624 3496 de
1647 3427 1759 3496 cronio
1867 3447 1869 3454 ·

401 3507 499 3584 nau,
520 3505 622 3574 statuo
639 3517 674 3574 et
691 3504 858 3613 dirupto,
881 3509 1016 3596 collegit
1033 3527 1066 3574 rn
1094 3509 1183 3594 epist.
1204 3525 1257 3594 5¹·
1278 3527 1333 3595 52.

492 3621 610 3711 Neque
635 3625 740 3691 minus
764 3621 851 3689 circa
873 3621 1027 3690 fratroras
1049 3623 1164 3708 capitis
1186 3623 1309 3692 consuli
1333 3641 1475 3698 meretur
1502 3627 1537 3695 P.
1565 3623 1666 3693 Pauw
1686 3623 1760 3693 suc·

405 3707 848 3786 centuriatueanaromicuq,
874 3706 1140 3782 srvacornmcnt.
1167 3707 1201 3774 in
1231 3705 1462 3792 Hippocratem
1485 3713 1526 3778 de
1547 3711 1669 3794 capitis
1689 3709 1761 3778 vul·

405 3793 548 3864 neribus.
571 3787 611 3856 L.
635 3787 670 3854 B.
688 3787 778 3853 1616.
801 3785 856 3871 qui
871 3785 1024 3872 praeticas
1042 3787 1332 3870 animadversroneo
1352 3796 1524 3867 continet,
1546 3809 1644 3877 atque
1667 3794 1757 3863 varia

294 3939 296 3944 .
406 3867 555 3943 calvaria
569 3867 729 3947 vulnera,
751 3867 996 3956 fissurar¹atque
1012 3867 1251 3954 depresfiones‚
1275 3872 1424 3941 iconibus
1446 3873 1614 3958 expresfit.

438 4021 442 4031 ¹
475 4063 637 4184 chu.
673 4063 786 4147 Deus
812 4026 922 4170 pueri
955 4060 1098 4149 fraolus
1136 4023 1176 4144 et
1205 4021 1453 4171 glutinatur,
1498 4065 1558 4182 uti
1591 4060 1758 4150 videtur.

407 4189 568 4274 Rudi'cis
589 4211 675 4296 pars
697 4179 869 4298 superior
889 4178 980 4275 curn
1002 4191 1188 4274 inferiore
1204 4195 1389 4300 angulum
1411 4190 1555 4288 efficit,
1589 4187 1756 4297 aposte-

406 4320 505 4404 riori
522 4317 662 4446 tubere
684 4321 935 4429 prominens,
967 4319 1030 4404 ab·
1049 4319 1234 4406 anteriori
1271 4317 1378 4427 quafi
1411 4319 1680 4433 complicatus.

1040 4649 1092 4830 ll
1664 4745 1761 4852 'osf'
1858 4766 1862 4776 ’
