4738 5880
588 655 676 720 exe
959 607 1671 740 mmeramme,

660 798 843 910 Historiam
859 841 954 925 huius
964 843 1069 912 morbi
1082 863 1132 912 am
1158 843 1273 912 liorem
1289 843 1393 914 edidit
1407 839 1718 931 A.v.solingen‚in
1739 838 1932 915 ennena

583 928 689 1016 penda
706 927 864 1012 imprimis
880 928 979 994 cranii
997 929 1094 995 carie.
1151 929 1233 1012 ltraj.
1250 926 1340 1010 1780.
1350 925 1474 994 Confer
1488 925 1620 995 Hildnn.
1635 939 1721 992 cent.
1740 944 1767 993 1.
1789 925 1859 994 obs.
1882 943 1933 1014 15.

585 1009 739 1080 Cheseld.
761 1025 843 1079 anat.
864 1033 897 1096 p.
923 1030 993 1097 3¹9·
1017 1014 1078 1091 rab.
1101 1029 1149 1097 3³·
1172 1013 1310 1098 osteogt.
1330 1012 1385 1079 ch.
1407 1023 1435 1078 l.
1458 1011 1522 1079 tab.
1541 1008 1573 1076 6.
1590 1011 1644 1098 fig.
1666 1026 1749 1094 2‚3.
1770 1013 1873 1078 Acad.
1890 1015 1933 1078 de
2031 1015 2035 1022 ’

584 1097 672 1163 chit.
706 1110 733 1162 r.
760 1093 831 1178 258.
854 1095 925 1175 264.
946 1096 1077 1163 Savisrd
1096 1097 1171 1178 obs.
1198 1111 1252 1180 90.
1273 1095 1353 1164 Pare
1378 1098 1400 1164 l.
1431 1110 1479 1168 ιο.
1505 1096 1557 1164 ch.
1587 1114 1638 1164 ar.
1660 1093 1751 1160 lloll.
1771 1093 1934 1177 Maatsch.

586 1177 710 1246 6deel.
732 1179 850 1244 nstuk.
873 1179 1104 1264 bericht‚pag.
1126 1185 1157 1246 6.
1987 1215 1989 1220 ·

665 1258 793 1328 Ossrurn
809 1262 923 1346 capitis
939 1261 1055 1329 similes
1070 1279 1185 1346 coeprae
1200 1273 1254 1330 aut
1267 1257 1416 1344 perseslae
1432 1281 1448 1329 a
1470 1271 1583 1328 natura
1600 1259 1794 1342 solutiones,
1814 1262 1933 1350 quibus

450 1367 454 1376 ·
582 1347 783 1418 oanudarum
798 1349 1047 1430 velcorruprum
1063 1347 1103 1410 ab
1120 1350 1247 1438 integro
1258 1340 1547 1433 separatumsapra
1563 1347 1728 1426 recensitae
1743 1347 1815 1418 sunt
1825 1363 1932 1434 ,num

583 1443 725 1510 exsvln.
747 1444 861 1496 cxxix.
882 1447 982 1498 cccx.
997 1445 1036 1500 ,et
1054 1428 1122 1516 seq.

653 1617 927 1705 cccxcvii.
963 1621 1124 1707 Maxilla
1137 1619 1323 1718 inferior,
1339 1618 1447 1724 cujus
1458 1643 1545 1728 pnes
1565 1621 1728 1730 prioret
1761 1620 1933 1730 superior

581 1745 688 1827 inter
708 1743 913 1840 foramen,
939 1769 1019 1849 quo
1039 1750 1127 1866 exit
1153 1757 1297 1832 nervus
1323 1747 1458 1839 arteria
1480 1763 1595 1852 atque
1616 1769 1741 1843 vena,
1764 1765 1803 1830 et
1823 1767 1932 1834 men·

576 1889 674 1958 tum
696 1873 869 1957 medium
884 1926 897 1969 ,
913 1871 1056 1960 delicit.
1090 1872 1183 1955 -Ora
1204 1872 1330 1954 hiatus
1354 1872 1480 1954 teneri
1507 1874 1606 1953 callo
1632 1867 1814 1956 obducta.
1914 1927 1916 1934 ι

644 2088 948 2178 'cccxc-,vni
982 2088 1146 2178 Maxilla
1169 2090 1342 2178 ,inferior
1367 2091 1582 2180 edentum.
1650 2091 1742 2178 Pars
1756 2094 1931 2200 prioret

582 2214 758 2312 nultra,
788 2215 898 2322 juxta
918 2218 1065 2301 exitum
1089 2216 1255 2313 ematis,
1291 2216 1384 2318 qui,
1406 2237 1477 2321 per
1499 2237 1546 2294 os
1566 2218 1930 2319 procedens,‘insra

583 2343 722 2428 dentes
742 2342 953 2426 maxillares
974 2345 1120 2446 primos
1140 2357 1271 2446 pater,
1306 2341 1530 2428 cicatricem
1554 2338 1672 2424 habet
1693 2363 1929 2430 concavam:

584 2467 791 2576 vestigium
812 2465 904 2551 ossis
928 2463 1074 2552 ibidem
1087 2458 1399 2563 [vitiatum
1421 2459 1603 2552 medenti
1626 2463 1774 2566 edulii,
1808 2483 1849 2554 et
1871 2467 1930 2556 se-

580 2593 716 2704 parati
1021 2634 1024 2642 ·
1105 2625 1109 2634 ·
1445 2637 1446 2642 κ
1778 2627 1782 2638 ·
1847 2623 1867 2634 ··

513 2769 518 2778 ’
582 2781 593 2898 s
642 2803 904 2894 CCCXCIX.
940 2801 1216 2920 Fragmentum
1244 2808 1406 2922 maxilla
1440 2753 1680 2924 superioris,
1713 2811 1840 2920 sesqui
1853 2835 1928 2920 am

581 2957 681 3042 num
700 2933 791 3042 post
817 2931 992 3020 evulsum
1015 2936 1175 3021 dentem
1220 2934 1448 3044 separatum.
1498 3051 1499 3054 Ν

460 3267 463 3272 ¹
648 3155 741 3240 CD.
778 3153 904 3240 Costae
929 3157 1048 3252 dua,
1068 3171 1179 3264 parte
1206 3156 1423 3266 posteriore
1453 3179 1575 3261 eaque
1610 3159 1793 3245 interiore
1826 3182 1928 3242 cras·

579 3281 622 3384 fa
644 3280 934 3366 membranacea
973 3279 1181 3367 'substantia
1208 3279 1379 3388 periostii
1413 3298 1528 3387 atque
1548 3283 1691 3389 pleurae
1717 3283 1926 3396 degenere-

579 3425 635 3489 tae
660 3399 839 3489 obdusta.
907 3406 1069 3510 Aperte
1094 3407 1284 3490 exteriore
1301 3409 1451 3520 necroli
1473 3404 1648 3509 ascite,
1670 3429 1801 3495 crenas
1823 3393 1927 3520 coep·

586 3549 635 3632 (ω
656 3527 976 3644 desquamationis
998 3527 1072 3640 (a)
1104 3533 1316 3634 exhibent,
1349 3535 1390 3616 in
1417 3535 1578 3640 liquore.
1736 3535 1743 3548 '

621 3745 692 3832 (a)
711 3741 847 3828 Confer.
865 3755 1069 3816 numeecra

651 3927 764 4018 CDl.
798 3931 926 4017 Costae
957 3930 1042 4018 duae
1073 3946 1249 4020 recenter
1269 3925 1399 4014 froilae
1415 3945 1480 4026 ,et
1500 3923 1675 4014 nondum
1698 3924 1926 4016 ferrumina-

587 4078 671 4162 tae,
712 4061 755 4142 in
777 4060 940 4163 liquore.
1009 4053 1229 4143 Substantia
1258 4053 1398 4140 fibrosa
1417 4053 1677 4140 musculorum
1712 4073 1827 4161 atque
1857 4080 1926 4164 pe.

430 4199 440 4210 '
585 4181 709 4280 riostii
746 4185 965 4296 degenerati
996 4181 1077 4266 ossa
1117 4178 1240 4266 fracta
1274 4182 1465 4302 colligat,
1498 4185 1629 4266 ulcere
1648 4178 1816 4267 fistuloso
1837 4203 1926 4289 per.

499 4407 507 4418 ,
583 4308 733 4408 forata,
792 4333 873 4416 quo
905 4332 1002 4416 pus,
1034 4309 1083 4391 ab
1123 4308 1308 4392 interiore
1337 4323 1445 4421 parte
1475 4307 1664 4398 costarum
1694 4305 1925 4396 nudatarum

578 4433 817 4552 concnam,
852 4437 1000 4538 exitum
1022 4433 1096 4525 fibi
1114 4435 1297 4546 paravit„
1442 4549 1446 4558 Ι

1789 4735 1923 4830 CDIL
