4738 5880
351 754 354 771 .
506 629 510 642 ’
599 661 688 728 m·
970 633 1630 787 rnnsauuur·

664 859 958 952 CCCXXXIX.
990 866 1039 952 ad
1082 865 1340 954 cccxlllr.
1382 865 1515 956 Patren
1554 867 1694 982 capitia
1737 867 1839 958 orfei
1868 869 1946 959 boi

593 991 710 1076 minis
725 990 861 1076 adulti.
896 993 1018 1078 Causa
1040 995 1193 1096 morbi,
1209 1019 1258 1084 art
1279 998 1591 1100 amantum
1611 996 1946 1100 seorbutita‚du·

594 1116 706 1202 bium
738 1117 806 1234 eli.
874 1119 933 1204 Os
953 1117 1092 1206 frontis
1113 1119 1357 1236 (cccxxxrx)
1387 1141 1500 1236 parte
1534 1123 1707 1223 bullita,
1733 1141 1784 1210 et
1806 1147 1854 1244 oe
1876 1147 1946 1210 oe·

596 1243 729 1352 cipitia
757 1241 959 1358 (eccm.)
1002 1257 1110 1356 parte
1156 1252 1259 1334 inter
1286 1267 1456 1356 qttautor
1484 1247 1640 1339 scrobes
1661 1249 1815 1351 media,
1847 1271 1947 1358 quo·

586 1367 806 1456 dammodo
848 1371 1045 1482 turgida,
1107 1375 1281 1462 minimis
1319 1377 1476 1487 spiculis
1520 1381 1573 1466 ab
1622 1393 1787 1482 utraque
1833 1391 1947 1486 parte

589 1495 725 1606 aspera
752 1495 853 1582 sunt.
911 1498 1175 1588 Petictaoium
1208 1517 1275 1600 et,
1318 1526 1407 1608 que
1438 1526 1577 1592 verum
1611 1500 1841 1612 periostium
1883 1501 1945 1584 in·
2040 1535 2043 1542 ·

443 1658 450 1678 2
573 1633 575 1638 ’
596 1639 750 1709 ternum
771 1624 945 1708 calvarie
978 1624 1057 1724 est,
1078 1649 1165 1736 pars
1195 1629 1367 1716 exterior
1386 1629 1517 1715 crasse
1537 1629 1755 1742 meningie,
1770 1631 1847 1733 qua
1869 1624 1951 1729 opii¹

595 1748 736 1836 vitiato
755 1747 972 1836 firmirsrme
992 1751 1275 1854 adherebant,
1307 1757 1350 1838 in
1382 1754 1630 1855 substantiam
1663 1755 1823 1838 mollem
1837 1751 1947 1862 pulti

597 1871 742 1960 consta
771 1869 935 1960 similem
967 1876 1305 1989 degeneraverant.
1372 1876 1618 1965 Memnanae
1639 1895 1825 1964 aetenam
1846 1855 1949 1960 irite-

596 2019 674 2112 gre
708 2017 826 2106 atque
860 1999 1095 2112 incorrupte
1131 2023 1274 2090 erant:
1307 2001 1430 2107 'quod
1471 2003 1612 2090 siccata
1645 2021 1687 2088 et
1719 2001 1833 2111 super
1862 1999 1950 2086 ossa

600 2127 758 2212 vertioia
790 2123 1007 2239 (ecerat)
1051 2129 1218 2238 expansa
1241 2127 1403 2214 menna
1432 2127 1619 2213 evincit.
1661 2127 1722 2213 Oe
1751 2125 1950 2214 maxillate

595 2249 775 2360 *superius
829 2267 1041 2358 utrumque
1095 2270 1207 2366 parte
1261 2251 1327 2340 sua
1374 2251 1592 2364 posteriore
1642 2253 1759 2342 fimili
1827 2251 1948 2338 modo

598 2378 806 2478 uitiatum,
830 2403 876 2464 ac
897 2377 1058 2488 spinulis
1090 2379 1321 2464 exilioribus
1371 2396 1413 2462 et
1454 2379 1701 2490 longioribus
1745 2375 1948 2468 hirliitum.

597 2501 768 2594 Maxilla
812 2501 978 2588 inferior
1040 2503 1180 2592 eodem
1216 2505 1382 2603 morbo,
1418 2521 1459 2591 at
1496 2505 1685 2615 prmus,
1726 2500 1952 2605 affeetum,

598 2629 698 2713 rivo
721 2627 886 2710 homine
916 2629 1091 2732 undique
1111 2630 1153 2710 in
1173 2625 1423 2714 monstrosam
1446 2633 1594 2712 molem
1615 2631 1800 2711 exerevit.
1833 2629 1951 2714 Den-

591 2769 662 2870 Ntes
688 2750 920 2838 vacillabant
944 2749 1031 2837 fere
1049 2773 1202 2838 omnen.
1269 2750 1374 2835 Cato
1393 2751 1593 2864 spongiola
1612 2745 1856 2864 gingivarum
1875 2753 1952 2840 lin·

601 2901 718 2994 guara
742 2877 873 2964 versus
892 2881 1063 2989 palatim
1083 2875 1368 3000 proludebat,
1400 2895 1445 2986 et
1467 2878 1609 2972 buccas
1631 2901 1829 2992 genasque
1853 2881 1952 2977 mite

605 2999 861 3116 expandebat.
895 3000 1094 3104 Maxilla,
1120 3028 1209 3116 ,per
1239 2997 1420 3092 medium.
1446 3021 1624 3092 mennam
1667 3004 1767 3098 serra
1809 3004 1952 3104 dffisa,

603 3151 781 3220 naturam
823 3133 953 3216 morbi
1009 3133 1129 3242 magis
1161 3129 1403 3240 perspicuam
1441 3129 1580 3214 reddit.
1647 3131 1741 3215 Para
1787 3133 1951 3216 maxilla

605 3260 738 3346 dextra
758 3255 1004 3368 (recma),
1034 3261 1085 3344 ab
1116 3257 1315 3341 ambiente
1351 3274 1506 3340 tumore
1548 3253 1717 3366 fungoso
1755 3254 1951 3362 separata,

605 3383 735 3482 nuda,
755 3382 939 3466 naturalia
958 3380 1067 3479 fere,
1086 3379 1231 3481 solida,
1259 3401 1397 3490 parum
1423 3395 1602 3481 tumens3
1636 3395 1796 3464 externa
1820 3399 1954 3465 autem
2049 3395 2052 3402 ’

606 3507 808 3618 superficie
828 3507 985 3592 corticis
1000 3506 1380 3618 asperior,nrininris¹
1400 3504 1644 3590 foraminulis
1657 3503 1828 3616 pertusa.
1862 3507 1954 3592 Pars
2023 3509 2026 3516 ’

602 3631 754 3726 linistra
784 3629 1054 3746 (currant),
1074 3631 1280 3744 spirituoso
1304 3635 1449 3742 liquori
1485 3629 1643 3718 condita
1685 3647 1726 3717 et
1754 3633 1954 3729 exhibita,

423 3807 425 3815 ·
606 3761 780 3849 ostendit
799 3763 1062 3848 membranam
1083 3761 1163 3843 otis
1185 3777 1225 3842 et
1244 3759 1488 3870 gingivarum
1508 3750 1711 3844 obducere
1735 3776 1956 3859 tumorem3

608 3887 837 3999 periostium
860 3904 990 3973 autem
1011 3888 1173 3972 unicum
1195 3887 1236 3970 in
1256 3883 1506 3971 substantiam
1525 3889 1709 3982 mollem,
1732 3889 1833 3994 pulti
1854 3887 1957 3972 ssmi-

608 4020 715 4118 lem,
748 4016 856 4120 atqui
874 4013 1023 4100 firmam
1044 4013 1316 4125 degenerasse,
1349 4009 1436 4096 oal'e
1457 4011 1525 4097 vir
1544 4008 1771 4098 ennaea

695 4237 904 4310 Conveniunt
930 4235 1172 4326 quodammodo
1194 4253 1268 4306 cum
1285 4235 1381 4334 bitae
1395 4243 1558 4304 tumorum
1578 4232 1696 4336 capitia
1711 4227 1962 4320 speciminibus,

612 4321 780 4393 observata
801 4327 917 4414 Morga
944 4324 973 4391 ni
1000 4341 1053 4410 ep.
1073 4339 1126 4408 52.
1151 4335 1210 4392 art.
1225 4304 1447 4474 sbcbzlreffigli.
1471 4329 1537 4388 nat.
1552 4318 1764 4388 narrandae.
1785 4335 1818 4385 a.
1835 4335 1907 4385 ann.
1927 4314 1961 4381 6.

612 4402 1226 4590 &Zimff’mlg'Haiilfffiiin‘elirprmrfi.
1246 4423 1320 4576 geg.
1342 4485 1391 4574 ab
1413 4402 1497 4559 iare
1518 4487 1574 4557 litt.
1596 4503 1653 4556 ru.
1668 4487 1768 4572 chap.
1784 4501 1836 4575 23.
1857 4481 1962 4550 dead.

614 4572 757 4650 dechu.
778 4591 856 4646 rom.
877 4595 912 4662 5.
935 4591 1010 4668 pag.
1034 4593 1062 4647 r.
1083 4594 1143 4646 tao
1159 4570 1326 4644 Gessclrer
1342 4571 1449 4666 langd.
1463 4571 1665 4664 granden,
1684 4589 1759 4660 pag.
1782 4587 1837 4658 92.

1583 4861 1591 4876 ‚
1668 4749 1963 4854 ‘'cccxnru.

1461 4401 1503 4471 dt
1533 4417 1661 4472 tutante
1682 4397 1960 4488 capitiefunposu·
2094 4469 2097 4476 .
