4738 5880
572 625 664 715 150
940 567 1462 698 urciano.

563 837 649 912 ¹ner
649 824 769 909 esenti
799 819 904 912 carni
928 826 1106 913 tribuisse
1129 827 1285 923 videar.
1355 829 1571 920 Absoluta
1561 847 1718 954 autem
1750 830 1917 924 thesauri
2075 919 2077 926 .

568 952 711 1044 osium
733 950 1001 1038 morbosomm
1041 943 1327 1064 descriptione,
1350 959 1493 1044 iterata
1520 926 1635 1044 nlrnc
1661 965 1917 1072 comparatio·
1996 953 1999 967 ’

563 1101 616 1164 ne
637 1097 679 1160 ot
698 1076 827 1160 sedula
836 1082 1118 1184 reputatione,
1132 1085 1182 1164 ιι
1209 1105 1345 1170 veram
1362 1085 1488 1182 viam,
1509 1110 1639 1190 aqua
1659 1093 1708 1170 cl.
1731 1091 1805 1173 viri
1826 1107 1917 1175 ante

564 1219 644 1285 me
661 1224 821 1307 quoque
854 1189 1189 1301 definiebantur,
1212 1209 1438 1294 minnan
1474 1207 1616 1308 fallor,-
1649 1215 1780 1312 redii;
1814 1229 1918 1297 erro.

561 1349 725 1434 raraque
747 1327 967 1438 agnoscere
988 1333 1118 1435 potius
1139 1355 1251 1435 quam
1275 1333 1451 1440 perloqui
1469 1335 1652 1440 judicavi.
1722 1339 1823 1450 Qua
1841 1340 1917 1448 igi.

566 1471 630 1538 rur
648 1454 809 1540 meliora
841 1475 1017 1538 anatome
1039 1459 1151 1552 calli,
1184 1461 1313 1564 praxis
1335 1461 1587 1573 chirurgica‚‚
1609 1473 1726 1568 atque
1754 1489 1916 1570 compa-

564 1582 667 1665 ratio
688 1603 779 1666 oum
809 1581 894 1664 aliia
923 1582 1068 1666 morbis
1094 1584 1349 1670 inhumano
1383 1577 1480 1672 ἰιιι
1521 1609 1687 1695 corpore
1724 1591 1915 1685 doceant,

538 1707 633 1790 'hic
664 1725 906 1815 proponam:
937 1709 1060 1792 citaris
1082 1709 1194 1794 simul
1229 1703 1381 1819 aliquot
1422 1719 1472 1798 cl
1497 1718 1695 1827 uirorum
1727 1715 1915 1820 scriptia,

563 1831 707 1936 quium
727 1831 1243 1934 erdem.confirmantur,et
1265 1864 1430 1944 quorum
1452 1843 1562 1948 plura
1593 1843 1733 1923 addere
1761 1842 1914 1945 potuis·

557 1955 655 2044 ianr.
700 1956 847 2058 Huic,
871 1977 1065 2064 tamquam
1098 1961 1230 2168 gabili
1244 1965 1327 2048 viia
1351 1965 1634 2063 fundamento,
1660 1961 1915 2071 superstruere
2000 2014 2009 2026 ν

555 2084 765 2168 -oorollaria
810 2087 982 2168 conabor
1002 2111 1083 2170 non
1150 2091 1373 2182 verisimili,
1395 2091 1460 2174 sed
1482 2091 1533 2172 ab
1555 2091 1726 2174 evidenti
1748 2113 1789 2172 er-
1803 2087 1914 2194 quod

529 2207 546 2220 ’“
562 2207 746 2292 ssnsubus
766 2233 914 2317 percipi
904 2210 1078 2316 potest,
1099 2212 1287 2296 derivare.
1321 2213 1433 2325 Quid
1454 2213 1562 2300 enirn
1583 2213 1659 2316 fit,
1673 2239 1759 2300 nort
1775 2237 1912 2322 quem

551 2333 773 2426 admodum
785 2334 921 2433 finan
945 2357 1027 2420 rem
1040 2339 1295 2444 partinea

628 2686 851 2778 Substantia
880 2686 976 2771 novi
999 2623 1258 2798 regenerandi
1287 2703 1364 2770 aut
1395 2661 1609 2797 regenerati
1646 2688 1768 2787 ossis,
1799 2641 1910 2797 cujur'

554 2835 677 2902 antea
697 2817 806 2900 uario
826 2812 895 2900 sub
917 2815 1076 2898 nomine
1099 2808 1341 2900 mentionem
1375 2812 1571 2911 feceram,
1604 2839 1688 2901 non
1717 2816 1761 2898 in
1799 2816 1907 2900 omni

492 2929 495 2940 ’
564 2942 797 3027 incrementi
819 2939 918 3026 statu
951 2941 1118 3026 eundem
1142 2943 1317 3027 habitum
1349 2957 1578 3036 arternum,
1614 2957 1681 3026 aut
1713 2940 1907 3022 internam
2033 3011 2036 3034 ζ
2084 2947 2088 2954 ’

560 3069 750 3155 fabricam
772 3066 958 3162 exhibet-3
991 3065 1058 3149 sed
1081 3068 1123 3149 in
1145 3069 1625 3166 vrrlnoriltun'ulceribus,
1654 3065 1907 3159 rumoribus,

553 3196 663 3279 ¹narie
693 3187 811 3296 arque
837 3192 1019 3299 sphacela
1047 3192 1229 3292 ossium,
1276 3198 1324 3282 ab
1370 3195 1539 3297 antiquis
1583 3193 1824 3299 temporibus
1857 3187 1906 3272 ad
1978 3241 1983 3259 ·

561 3319 732 3406 nostram
762 3334 916 3404 atatem
948 3339 1099 3423 usque,
1133 3319 1279 3420 succo,
1311 3321 1475 3430 glutini,
1510 3317 1651 3414 carni,
1692 3314 1907 3424 cartilagini

555 3463 680 3550 :atque
703 3442 780 3527 ossi
803 3463 1020 3550 comparata
1041 3441 1121 3528 fuir
1132 3502 1146 3545 ‚
1170 3447 1265 3538 licet
1284 3432 1435 3552 semper
1465 3461 1620 3526 aarum
1640 3460 1905 3547 nuncupetur.

561 3567 630 3654 De
649 3571 921 3652 nominefcalli
942 3593 1035 3677 ergo
1057 3595 1167 3675 aque
1194 3575 1296 3656 bene
1322 3569 1503 3674 disputari
1516 3567 1670 3674 posset,
1691 3593 1737 3650 ae
1760 3565 1809 3647 de
1833 3589 1900 3648 naa

561 3715 646 3780 tura
667 3696 749 3799 ejus
779 3711 898 3798 atque
916 3699 1178 3806 generatione.
1245 3695 1440 3802 Principia
1467 3691 1544 3776 ossr
1567 3691 1695 3775 insunt
1709 3689 1904 3800 glutinis}

559 3819 669 3928 quod
702 3837 783 3904 arte
814 3825 1057 3927 excoquitur.
1122 3823 1180 3907 Os
1210 3823 1383 3906 naturale
1398 3867 1403 3876 .
1416 3836 1527 3902 antea
1558 3835 1689 3903 totum
1721 3819 1902 3924 cartilago

558 3947 650 4034 fuit.
730 3948 859 4032 Callus
884 3949 1081 4056 perfectus
1113 3948 1244 4032 osseus
1267 3946 1478 4032 invenitur.
1545 3943 1592 4026 In
1607 3944 1719 4028 omni
1740 3929 1903 4022 vulnere

405 4055 420 4070 ‘⁴
484 4059 487 4068 ’
560 4095 676 4178 atque
707 4076 838 4158 ulcere
869 4076 961 4159 orsis
986 4099 1076 4157 caro
1105 4062 1283 4158 nascitur.
1343 4071 1453 4184 {Qua
1482 4069 1613 4154 omnia
1648 4069 1697 4152 ad
1726 4067 1901 4152 naturam

556 4217 597 4284 er
619 4200 908 4306 generationem
935 4201 1024 4284 calli
1043 4199 1350 4306 perquirendam
1362 4217 1404 4283 et
1424 4192 1715 4307 intelligendam
1735 4211 1901 4276 concur-

555 4343 669 4416 runt:
679 4327 771 4408 licet
795 4327 946 4410 nullum
966 4326 1107 4423 horum
1126 4325 1273 4433 aliquid
1286 4321 1447 4456 munli,
1467 4323 1549 4415 five
1567 4319 1764 4427 coriaco,
1791 4315 1898 4412 denfi

556 4468 671 4590 atque
690 4449 868 4546 flenbitu
893 4451 1046 4542 habeat

1813 4741 1903 4830 Cir·
