4722 5896
574 635 602 732 ι
876 603 1544 720 .THESAURUS

630 849 769 938 xvir.
802 849 895 937 Pars
915 851 1058 961 spine,
1092 875 1178 958 que
1210 849 1367 938 dorsum
1391 849 1514 950 facit,
1549 841 1617 936 cui
1640 842 1831 940 costarum
1859 853 1924 940 et}

568 982 651 1092 pita
674 979 852 1069 adnexa,
878 982 919 1062 in
942 981 1096 1084 liquore
1124 977 1289 1088 limpido
1323 979 1520 1066 asservata
1589 976 1776 1065 Hominis
1798 979 1925 1068 adulti

564 1107 731 1198 cadaver
755 1129 859 1188 anno
901 1128 1034 1210 ¹771·
1061 1105 1222 1214 publice
1248 1101 1426 1192 dissecui-
1452 1105 1633 1216 ''‘Ingens
1657 1107 1800 1218 gibbus
1826 1121 1926 1196 ent.

567 1234 691 1344 Spina
712 1233 902 1318 vertebrae
926 1231 1039 1318 sextae
1062 1255 1142 1342 prae
1161 1234 1315 1318 coeteris
1329 1234 1591 1343 prominebat.
1657 1231 1811 1318 Tunica
1823 1233 1925 1319 inte·

458 1393 466 1412 f
567 1359 767 1458 riote,uti
781 1359 822 1442 in
844 1359 1104 1466 praecedenti,
1123 1357 1259 1442 diffissa
1276 1358 1632 1470 apparebat,spine
1641 1355 1720 1464 jam
1735 1373 1923 1460 curvate,

565 1507 709 1594 corpus
738 1484 927 1572 vertebrae
951 1485 1122 1596 septime
1143 1487 1301 1595 corpori
1323 1489 1514 1576 vertebre
1530 1483 1707 1572 secundm
1733 1482 1924 1587 inridere,

566 1607 753 1692 nondum
777 1624 984 1694 concreta.
1039 1606 1142 1726 Quae
1158 1608 1265 1720 inter
1286 1607 1368 1700 hoc
1389 1607 1523 1696 media
1549 1607 1668 1693 fuere
1685 1607 1811 1693 caries
1831 1629 1923 1691 eto·

564 1732 695 1838 serat,
723 1731 930 1846 nisgquod
949 1757 1090 1818 eorum
1110 1733 1240 1822 soluta
1257 1734 1439 1840 quedam
1460 1731 1588 1820 frusta
1616 1748 1662 1817 ut
1688 1749 1732 1814 et
1746 1733 1923 1840 capitula

568 1855 956 1968 costarum,nudata
973 1874 1016 1941 et
1032 1857 1242 1958 dissoluta,
1258 1863 1352 1970 puri
1368 1856 1922 1954 immersa,cavotunicaein.
1989 1919 1998 1926 .

567 1983 738 2070 haerent.
796 1981 963 2070 Cavum
989 1984 1092 2067 illud
1124 1986 1305 2092 amplum
1331 1983 1416 2082 est',
1446 1983 1584 2068 tunica
1611 1975 1731 2068 craffa
1765 2000 1810 2066 et
1833 1977 1922 2073 filas
1953 1997 1970 2018 ⁴

449 2105 451 2110 ’
566 2109 765 2202 montosa.
822 2110 1061 2220 Fragmenta
1090 2135 1309 2225 corporum
1327 2112 1619 2234 ⁸vertebrarum
1643 2112 1755 2228 intus
1781 2109 1923 2222 visuro,

571 2251 655 2324 tur.
1082 2247 1096 2267 “

560 2477 591 2594 ,“
623 2479 781 2569 XVIII.
816 2481 1028 2573 Vertebrae
1053 2485 1312 2580 Lumborum
1340 2518 1436 2584 cum
1461 2429 1631 2586 'duabus
1653 2490 1922 2584 inferioribus

566 2609 711 2714 dorsi,
750 2612 794 2694 in
812 2609 971 2718 liquore
990 2612 1204 2706 asservato.
1262 2613 1457 2700 Hominis
1487 2617 1615 2702 adulti
1635 2619 1740 2705 sunt.
1794 2624 1923 2706 Lum-

490 2823 494 2828 .
567 2743 716 2828 borum
758 2741 876 2829 dolor
908 2768 961 2832 ex
996 2742 1166 2828 obscura
1197 2743 1314 2830 causa
1348 2767 1496 2854 egrum
1524 2767 1776 2852 perannum
1808 2747 1919 2834 letio
2058 2777 2062 2784 ·

567 2867 773 2984 officient·
808 2869 930 2981 Spin'n
957 2870 1158 2956 vertebrae
1185 2871 1421 2956 lumborum
1445 2870 1590 2956 mediae
1625 2871 1800 2958 maxime
1824 2899 1922 2984 pro.

567 2991 776 3094 minebat3
795 2994 911 3102 juxta
945 2999 1050 3082 hanc
1080 3013 1216 3080 tumor
1233 2997 1370 3082 mollis
1387 2996 1640 3101 increverat,
1671 3022 1754 3106 quo
1769 3021 1917 3112 rupto,

569 3138 810 3236 extenuatus
833 3125 951 3210 obiit.
997 3123 1129 3206 Alvus
1146 3139 1270 3232 atque
1297 3123 1413 3207 urina
1434 3145 1646 3238 nunquam
1670 3123 1754 3209 fine
1772 3132 1922 3212 volun.

508 3259 511 3270 ’
567 3265 653 3338 tate
669 3247 965 3358 profluxerunt.
1020 3247 1181 3334 TonIca
1197 3248 1367 3334 interior
1394 3249 1587 3349 tumoris,
1616 3265 1773 3359 partem
1796 3251 1919 3364 spine

568 3396 794 3466 concavam
813 3374 1013 3482 obtegens
1026 3391 1232 3488 „quatuor
1242 3374 1353 3464 ostiis
1372 3373 1547 3465 totidem
1561 3375 1703 3464 fistulis
1719 3381 1919 3490 originem

568 3499 718 3598 dabat,
748 3521 858 3604 que,
882 3497 955 3584 sub
982 3515 1076 3583 cute
1096 3517 1141 3584 et
1162 3522 1237 3612 per
1261 3494 1473 3593 intervalla
1497 3501 1689 3592 fibrarum
1715 3507 1920 3596 musculo·

568 3649 686 3728 rum,
704 3620 758 3742 ad
774 3623 954 3733 scapulas
980 3642 1026 3708 ct
1050 3628 1273 3718 ossacrum
1294 3649 1426 3736 usque
1453 3631 1690 3720 tendebant.
1735 3631 1918 3723 Musculi
2020 3651 2021 3656 ‘

568 3751 678 3864 psoae
690 3748 902 3854 utriusque
919 3751 1050 3857 capita
1070 3771 1259 3868 corrupta
1286 3773 1413 3846 erant.
1459 3757 1618 3846 Tunica
1633 3757 1678 3844 in
1694 3761 1919 3874 longitudi-

568 3901 665 3984 nem
702 3876 896 3980 discIssa,
940 3898 1106 3986 apparet
1133 3903 1282 3992 corpus
1312 3881 1510 3969 vertebroe
1547 3885 1781 3992 lumborum
1800 3919 1918 4000 quar.

567 4021 618 4104 tn
647 4002 698 4088 ad
715 3999 819 4092 illud
845 4000 1030 4090 secunde
1055 4005 1277 4113 inflexum,
1304 4033 1383 4100 nec
1412 4029 1548 4095 tamen
1578 4037 1674 4106 cnm
1706 4015 1758 4102 eo¹
1791 4024 1918 4108 coali.

567 4149 670 4240 tum.
706 4129 846 4222 Tettio
862 4133 1052 4218 vertebra
1078 4132 1167 4218 fere
1187 4153 1273 4220 tota
1299 4135 1523 4222 consumta.
1552 4135 1752 4233 Vertebra
1775 4147 1917 4239 secun·

566 4259 618 4352 da
645 4273 804 4366 aparte
819 4259 1021 4344 anteriore
1048 4259 1228 4349 fissuram
1263 4266 1528 4366 transversam
1556 4269 1737 4380 exhibet,

560 4437 867 4620 ,Ιακειοῖἱὲιωψε
888 4457 963 4512 cnm
994 4443 1087 4518 bisce
1112 4445 1372 4540 speciminibus,
1410 4429 1485 4529 Porr
1499 4456 1634 4548 ῥιπὰν
1653 4457 1792 4570 remarks
1822 4463 1915 4551 1782.
1944 4515 1948 4522 .

614 4659 724 4754 XIX.
753 4661 945 4764 Hominis
961 4663 1088 4762 adulti
1112 4694 1158 4760 os
1177 4669 1355 4786 sacrum,
1383 4679 1664 4794 cerebroque
1678 4683 1912 4812 lumborum

1819 4835 1913 4901 cunr
