4738 5880
602 677 917 770 ossrum
970 635 1579 771 mousosorrum.
1687 707 1771 788 113

497 906 832 994 CCCLXXVIII.
865 909 954 992 Pers
975 905 1133 998 femoris
1161 929 1201 996 et
1220 927 1347 1019 partes
1373 914 1476 996 tibiae
1491 931 1606 1014 arque
1626 909 1779 1006 fibula-2,

433 1037 604 1122 hominis
627 1033 772 1131 adulti,
807 1036 948 1120 morbo
979 1057 1147 1120 venereo
1170 1034 1338 1134 inferii,
1370 1056 1410 1121 et
1444 1035 1532 1143 post
1552 1038 1670 1120 vitam
1698 1040 1780 1120 lan-

411 1161 695 1274 .guidisfimam
718 1158 856 1244 euelli.
902 1159 1011 1276 [Ossa
1043 1163 1175 1247 omnia
1199 1166 1290 1246 oleo
1314 1165 1392 1245 acri
1414 1162 1664 1257 diffluebant,
1698 1185 1778 1265 quo

432 1309 563 1391 neque
583 1281 1033 1394 putrefaiiionemeque
1055 1284 1260 1383 cortrone,
1285 1311 1412 1390 neque
1438 1287 1506 1373 soli
1532 1287 1778 1392 expofitione

432 1414 561 1497 orbari
581 1429 812 1520 potuerunt.
877 1411 1044 1515 Liquori
1077 1411 1304 1517 spirituum,
1330 1437 1409 1517 quo
1431 1411 1667 1494 condiuntur
1691 1411 1774 1518 hec

430 1537 537 1650 essu,
559 1537 690 1624 oleum
713 1539 903 1621 continuo
926 1535 1153 1645 supernatat.
1187 1535 1283 1620 Ossa·
1301 1535 1431 1622 oleosr
1453 1534 1776 1642 perlucidasunt,

427 1681 472 1745 et
506 1681 735 1747 contextum
766 1661 984 1761 limosum,
1015 1664 1066 1744 in
1099 1685 1215 1764 quem
1248 1665 1362 1746 etiam
1405 1679 1541 1746 cortex
1580 1658 1770 1743 resolutus

428 1786 512 1887 est,
545 1787 757 1884 exhibent3
791 1804 1000 1891 preterea,
1022 1788 1270 1889 mollissrrna,
1305 1787 1509 1894 comprimi
1534 1784 1661 1896 digitis
1685 1809 1776 1894 pos·

425 1909 542 2015 sunt,
577 1909 717 1998 charte
739 1909 787 1994 ad
811 1909 941 1995 instar.

434 2237 438 2244 Δ
493 2121 787 2211 CCCLXXIX.
824 2095 1087 2224 calcaneum,
1120 2129 1248 2246 talus,
1281 2139 1398 2232 atque
1431 2129 1574 2236 patella
1605 2125 1776 2212 hominis

426 2253 636 2360 ejusdem,
669 2253 814 2353 liquori
846 2249 1084 2358 spirituoso,
1116 2255 1181 2337 cui
1219 2253 1428 2366 innatant,
1483 2253 1628 2335 leviora
1663 2250 1774 2362 (u);

425 2377 653 2588 mollifsgrtnu
670 2374 743 2486 (l)
763 2378 898 2473 stmul,
933 2399 1014 2478 quo
1033 2400 1174 2482 corpus
1197 2371 1368 2462 ereetum
1381 2373 1590 2463 sustentare
1609 2399 1679 2488 pes
1700 2377 1774 2462 im·

426 2527 497 2616 par
608 2557 620 2582 .

430 2713 435 2726 '
464 2709 530 2883 ἓαζ
551 2707 688 2860 Ruffsclr
710 2705 899 2809 thellunrt.
919 2725 950 2796 7.
977 2725 1069 2778 num.
1091 2723 1140 2792 te.
1161 2719 1254 2812 pots
1512 2791 1521 2812 ο

430 2844 433 2853 .
487 2797 505 2862 b
543 2792 593 2862 Os
619 2810 672 2862 um
693 2795 911 2892 emollrrptum
933 2793 1047 2862 seriem
1066 2793 1227 2862 recensuit
1253 2793 1283 2880 J.
1307 2789 1348 2861 C.
1368 2792 1497 2893 planet,
1511 2813 1544 2863 rn
1564 2803 1772 2866 commentat.

425 2879 470 2948 de
491 2875 707 2946 ostensurcoii.
726 2875 887 2964 Tubmgae
910 2875 1001 2963 1782.
1014 2875 1134 2943 Femur
1154 2877 1268 2959 sponte
1286 2877 1421 2947 fratrum
1435 2897 1522 2946 carre
1535 2895 1672 2946 venerer
1684 2879 1772 2944 exhit

277 2961 279 2966 '
425 2961 499 3031 buit
514 2960 630 3030 Ludw.
649 2959 721 3029 rdv.
741 2957 840 3045 praet.
857 2963 922 3028 vol.
945 2977 973 3044 3.
990 2973 1081 3044 parte
1096 2979 1127 3042 4
1149 2961 1237 3044 quoti
1259 2963 1413 3030 convenit
1426 2962 1513 3046 fere,
1539 2962 1647 3050 quoad
1665 2975 1770 3034 extet·

426 3063 505 3118 trum
525 3045 774 3126 habitum‚cum
798 3043 892 3128 supra
907 3041 1070 3127 descripto
1090 3059 1180 3110 uum.
1201 3058 1356 3112 cccxxxr.

1006 3245 1178 3314 *ffffl

741 3502 865 3566 OSSA
898 3496 1179 3564 SCORBUTO
1215 3495 1470 3604 retentu.

428 3743 431 3754 '
492 3725 767 3813 CCCLXXX.
797 3727 933 3807 Portio
950 3720 1041 3808 oslis
1065 3724 1271 3810 maxillaris
1293 3720 1444 3844 dextri,
1460 3746 1545 3826 que
1566 3721 1614 3806 ad
1637 3723 1768 3811 nasum

426 3871 469 3939 et
499 3851 719 3962 presepiola
751 3849 944 3957 pertinet,
981 3870 1069 3928 cum
1103 3847 1256 3929 duobus
1280 3845 1463 3926 dentibus
1485 3848 1767 3950 maxillrtibus,

425 3983 593 4085 quorum
614 3979 709 4059 alter
730 3975 889 4081 propriu
909 3972 980 4054 srbi
1006 3967 1232 4080 praesepiolo
1267 3967 1442 4054 inhaeret.
1495 3967 1619 4048 Ulcus
1642 3976 1765 4075 putri.

424 4105 546 4204 dum,
579 4101 779 4214 (Numam
805 4092 980 4194 vocant‚''
993 4095 1178 4180 nostrates
1205 4089 1355 4203 belgice
1376 4092 1677 4203 mathesim)
1703 4099 1763 4182 itt·
1803 4121 1808 4136 ·

424 4227 544 4314 fantis
574 4228 719 4340 septem
745 4247 933 4308 annorum
969 4225 1106 4309 malum
1147 4223 1245 4342 elam
1269 4219 1348 4304 nass
1379 4235 1496 4323 atque
1521 4215 1762 4326 superiorum

422 4353 601 4444 dentium
621 4355 794 4467 gingivas
817 4349 1052 4458 depascens,
1087 4338 1241 4434 tandem
1272 4363 1314 4432 et
1342 4346 1470 4428 vicina
1494 4343 1576 4426 ossa
1597 4345 1763 4432 vitiave-

424 4496 504 4581 ταῖς
537 4482 662 4583 iisque
692 4479 881 4585 corruptis
912 4495 953 4560 et
981 4473 1185 4585 separatis,
1217 4496 1398 4586 magnum
1428 4489 1542 4576 atque
1574 4471 1764 4582 interrup-

425 4621 510 4722 tum
529 4603 706 4700 foramen
720 4603 912 4716 supererat
923 4656 937 4702 ‚
953 4601 999 4686 ad
1020 4626 1065 4688 os
1085 4603 1294 4710 nasumque
1313 4603 1517 4712 pervium,
1531 4597 1636 4705 quod
1653 4597 1761 4680 dein·

1088 4727 1122 4812 P
1667 4744 1760 4834 ceps
