4722 5896
553 607 623 674 u
927 533 1544 690 auretenus

553 811 674 906 bem
698 807 786 894 laxe
808 808 961 892 moveri
986 821 1139 916 poterat
1152 803 1408 920 (a).‚Dextri
1430 808 1544 914 huius
1567 813 1695 894 lateris
1717 811 1907 897 musculus
1941 885 1946 890 .

551 935 667 1044 psoas
681 953 797 1040 atque
827 935 961 1018 iliacus
983 937 1181 1034 intentus,
1195 936 1288 1040 qui,
1298 934 1680 1043 jundlinaturalrter,
1693 961 1763 1046 per
1783 939 1907 1022 finum

560 1062 671 1146 ischii
694 1061 932 1146 descendunt
956 1081 997 1146 et
1017 1063 1217 1148 communi
1238 1063 1277 1146 se
1299 1064 1460 1148 tendine
1483 1065 1654 1150 inserunt
1670 1065 1908 1151 trocbanteri

558 1189 731 1283 minori,
764 1187 859 1273 dum
882 1185 1013 1272 femur
1046 1191 1221 1276 luxatum
1257 1191 1298 1272 in
1322 1205 1470 1299 partem
1504 1190 1760 1299 posteriorem
1785 1211 1826 1274 et
1848 1191 1910 1276 su·

559 1317 754 1426 perierem
777 1318 1107 1423 promovebatur,
1141 1313 1229 1402 ansa
1248 1313 1379 1416 sadra,
1413 1319 1585 1428 elongati
1611 1337 1650 1402 et
1672 1321 1713 1402 in
1736 1335 1910 1402 naturam

521 1507 527 1518 .
561 1441 785 1526 tendineam
816 1440 975 1540 inflexi,
1000 1439 1158 1527 chorda
1187 1439 1303 1526 instar
1335 1442 1540 1528 retrorsum
1581 1443 1802 1549 sursumque
1826 1465 1911 1526 cur-

560 1570 764 1654 vabantur.
831 1567 1018 1655 Praeterea
1031 1567 1283 1677 pyriformis,
1306 1571 1509 1656 obturator
1530 1571 1730 1668 internus,
1746 1572 1912 1681 gemini·

561 1719 665 1802 que,
700 1696 922 1778 naturaliter
949 1717 1022 1802 per
1056 1695 1323 1782 transversum.
1354 1697 1580 1780 incedentes
1629 1718 1670 1780 et
1710 1696 1911 1780 communi

555 1819 725 1908 ,tendine
746 1821 982 1906 trochanteri
1005 1820 1141 1926 maiori
1162 1823 1285 1918 affixi,
1307 1820 1461 1906 femore
1480 1823 1685 1930 prolapso,
1719 1821 1912 1904 tolleban·
2048 1923 2051 1928 1

560 1966 626 2032 rur
648 1949 688 2030 in
710 1949 933 2046 altum,et,
953 1947 1067 2030 srmili
1088 1947 1209 2030 modo
1229 1972 1275 2030 ac
1295 1945 1557 2056 procedentes
1581 1947 1740 2052 musculi
1762 1947 1803 2027 in
1825 1964 1913 2030 ten-

562 2073 719 2158 dineam
753 2091 928 2158 naturam
972 2073 1177 2171 conversi,
1210 2097 1329 2158 unam
1365 2072 1549 2156 chordam
1587 2071 1911 2180 representabant.

563 2199 743 2304 Utraque
756 2200 822 2282 illa
843 2196 987 2282 chorda
1008 2221 1144 2286 coxam
1165 2195 1308 2284 femori
1331 2197 1537 2310 appensam
1572 2199 1828 2296 sustentabat,
1842 2198 1913 2306 igi-

565 2342 736 2430 turque,
770 2323 866 2408 dum
889 2323 1011 2409 homo
1030 2325 1132 2433 pede
1144 2326 1286 2409 dextro
1304 2327 1494 2415 niteretur
1525 2345 1571 2410 nt
1601 2329 1765 2414 alterum
1791 2345 1915 2410 trans·

566 2451 714 2546 ferret,
749 2473 849 2534 coxa
874 2473 956 2532 non
977 2451 1176 2534 nitebatur
1194 2449 1340 2536 femori
1360 2475 1431 2554 per
1456 2454 1725 2551 acetabulum,
1758 2475 1833 2536 nec
1857 2447 1919 2533 fe·

567 2601 654 2666 mur
675 2579 777 2658 inter
798 2595 954 2656 carnem
974 2569 1208 2667 fraenabat,
1242 2571 1308 2652 sed
1335 2595 1436 2656 coxa
1458 2571 1683 2658 desumere
1707 2575 1913 2680 pendebat

567 2701 727 2790 Etiamsr
749 2722 845 2784 vero
865 2721 963 2780 coxa
983 2695 1126 2782 femori
1146 2720 1228 2782 non
1249 2695 1321 2780 nisr
1342 2719 1412 2805 per
1435 2696 1554 2780 hosce
1583 2699 1777 2784 musculos
1797 2699 1918 2782 inba-

568 2833 704 2926 rebar,
724 2845 856 2912 tamen
877 2823 1071 2910 articulari
1093 2821 1201 2930 capsa
1222 2823 1643 2911 continebanturrhaec
1664 2828 1768 2909 enim
1781 2880 1794 2923 ,
1808 2830 1916 2908 luxa·

551 2959 680 3064 ‚tione
732 2977 815 3037 non
857 2948 1059 3057 difiupta‚
1092 2947 1157 3032 sed
1191 2952 1374 3060 integra,
1408 2953 1619 3060 elongata,
1662 2976 1740 3036 nec
1782 2975 1918 3058 parum

561 3081 739 3168 crassitie
759 3075 894 3173 audin,
929 3077 978 3158 ab
1001 3101 1078 3160 una
1099 3091 1209 3180 parte
1233 3098 1312 3160 orae
1335 3079 1551 3172 acetabuli,
1585 3081 1633 3160 ab
1665 3081 1783 3160 altera
1814 3079 1920 3159 collo

519 3213 523 3222 '
570 3209 733 3294 femoris
757 3201 1002 3297 adherebat,
1025 3216 1298 3300 et,tamquanr
1315 3201 1471 3282 tertium
1492 3203 1744 3308 ligamentum
1769 3200 1923 3304 suspen·

567 3335 696 3428 dens,
727 3349 868 3415 coxam
900 3321 1119 3416 sustinebat.
1187 3319 1365 3408 Dissecla
1404 3325 1478 3408 bac
1520 3324 1686 3410 deformi
1741 3324 1924 3435 capsulari

572 3457 825 3551 membrana,
857 3474 941 3534 non
972 3447 1100 3536 solum
1130 3450 1258 3558 capite
1289 3451 1468 3536 orbatum
1498 3446 1664 3548 femur,
1712 3475 1848 3536 verum
1884 3468 1926 3534 et

562 3583 817 3684 ‚acenbulum
861 3577 1128 3688 triangulare,
1172 3573 1414 3686 angustatum
1478 3593 1597 3682 atque
1647 3575 1926 3685 profundum,

568 3707 783 3798 substantia
800 3703 1035 3814 ,pinguedini
1062 3700 1248 3790 induratu
1267 3703 1381 3788 fimili
1414 3706 1609 3811 repletum
1642 3705 1925 3790 inveniebatur·

575 3833 790 3943 Aesurgens
812 3829 942 3916 femur
971 3833 1162 3942 gluteor,
1195 3831 1277 3916 five
1298 3829 1407 3936 quod
1429 3830 1481 3912 de
1501 3831 1561 3916 his
1592 3833 1786 3936 reliquum
1820 3847 1926 3926 erat,

579 3957 846 4072 magnitudine
861 3976 903 4041 et
924 3955 1046 4068 ligura
1066 3951 1236 4042 multum
1255 3961 1566 4056 mutaverat,ita
1588 3977 1632 4040 ut
1654 3956 1929 4063 degenerantm

578 4105 620 4170 et
653 4085 758 4189 quali
789 4107 1007 4170 concavum
1039 4081 1256 4168 musculum
1281 4082 1500 4180 efficerent,
1524 4106 1569 4167 or
1602 4103 1642 4166 et
1677 4085 1932 4191 ligamentum

570 4211 810 4304 manneus,
843 4204 1042 4314 interielia
1072 4205 1221 4305 bursa,
1255 4205 1466 4322 degenere
1499 4231 1636 4295 eorum
1688 4233 1774 4312 quae
1827 4207 1931 4294 intua

582 4337 748 4420 humore
770 4336 993 4422 lubricante
1017 4336 1231 4442 replentur.

624 4521 742 4610 (apli.
766 4519 800 4588 S.
819 4519 930 4586 Albini
949 4531 1057 4588 annor.
1079 4517 1224 4592 academ.
1241 4529 1327 4610 part.
1345 4533 1378 4611 5.
1399 4539 1471 4614 pag.
1495 4517 1644 4610 140.‚rab.
1667 4538 1697 4590 α.
1718 4518 1769 4586 ld.
1788 4513 1935 4600 supellex

573 4627 667 4698 aaut.
682 4625 767 4716 pag.
786 4609 858 4673 228·
872 4621 968 4688 2uultu.
991 4610 1067 4696 356.
1315 4616 1318 4624 ·

1749 4833 1938 4926 XLVIII.
