4738 5880
582 709 904 809 ossruu
948 641 1559 807 nonnosouum.
1681 737 1768 820 ua

413 933 456 1022 so
476 890 628 1046 forcipe
646 935 881 1047 prehensus,
915 953 962 1021 ut
980 935 1269 1034 extraheretur,
1285 937 1456 1022 calculus
1479 935 1592 1018 toties
1613 935 1768 1032 resiliit,

276 1142 281 1150 .
412 1059 638 1162 dimatim,
673 1087 751 1168 qua
771 1079 880 1172 parte
898 1060 1050 1170 forcipe
1081 1065 1290 1176 prehensus
1321 1062 1458 1146 fuerat.
1527 1061 1639 1144 Obiit
1671 1083 1770 1170 eger

411 1191 478 1274 die
511 1193 536 1278 8
563 1191 707 1298 aprilis.
785 1187 968 1274 Calculus
990 1188 1079 1297 post
1110 1209 1278 1274 mortem
1320 1211 1495 1274 exemtus
1515 1187 1671 1296 pondus
1698 1189 1766 1270 ha·

412 1317 501 1400 buit
530 1341 621 1404 unc.
656 1339 718 1400 ιιι.
740 1314 912 1400 drachm.
935 1339 982 1398 ιι.
1015 1338 1106 1398 cum
1128 1311 1293 1400 semhse.
1734 1333 1735 1338 ‘

448 1525 510 1612 (a)
530 1525 566 1593 P.
579 1525 739 1612 Camper,
761 1525 852 1594 brief
860 1545 939 1595 over
953 1527 1013 1595 het
1029 1465 1239 1612 steenfuyden
1263 1521 1295 1594 in
1319 1536 1403 1593 twee
1432 1521 1572 1592 reiten-
1593 1521 1643 1592 ld.
1665 1522 1762 1594 Men·
1844 1593 1847 1599 .

409 1607 580 1702 gelstoffen
603 1627 684 1680 ouer
711 1609 754 1678 de
770 1607 1135 1700 steeugroeijlngmnz,

474 1743 646 1830 Dxxl..
663 1745 804 1830 Forma
838 1743 979 1854 gypsea
1012 1745 1150 1827 calculi
1187 1745 1322 1829 venta
1356 1740 1608 1839 subrutundi,
1632 1745 1762 1851 plani,

407 1866 595 1978 ponderis
617 1867 741 1976 scrup.
764 1893 819 1952 ιν.
844 1893 949 1978 gran.
974 1891 1042 1951 xv.
1077 1872 1424 1976 pueri,aetatis34
1444 1893 1645 1954 annorum.
1682 1871 1761 1955 Ex·

407 2010 541 2102 pertus
565 1993 670 2080 idem
692 1996 891 2102 chirurgus
916 1991 954 2099 J.
977 1995 1030 2078 G.
1053 2016 1128 2077 van
1153 1995 1265 2096 Wy,
1289 1985 1371 2078 die
1393 2017 1462 2078 ιι.
1488 1995 1645 2102 aprilis,
1680 2019 1763 2078 me·

252 2223 255 2230 ,
407 2117 537 2202 thodo
557 2117 700 2204 Dranli
721 2119 886 2202 vesicam
907 2111 1074 2214 incidit,
1111 2137 1150 2198 at
1171 2139 1315 2228 regrum
1335 2121 1376 2198 in
1399 2115 1544 2198 lectulo
1564 2117 1759 2224 reposuit,

406 2261 453 2326 ut
473 2245 596 2326 altero
627 2242 863 2350 operationis
874 2217 1062 2349 “tempore
1084 2241 1254 2324 calculus
1279 2241 1418 2348 sponte
1442 2239 1629 2348 prodiret
1663 2241 1762 2328 Fru-

256 2361 262 2370 ’
406 2360 483 2474 sita
502 2360 581 2448 hoc
601 2365 648 2447 ad
669 2367 920 2452 undecimum
942 2386 1067 2464 usque
1093 2365 1196 2446 diem
1218 2363 1307 2468 post
1340 2367 1607 2470 operationem
1630 2365 1760 2474 exspe-

407 2475 557 2575 ctatum
579 2485 671 2572 fuit.
738 2487 785 2572 In
809 2484 959 2572 causam
982 2485 1097 2589 hujus
1129 2485 1368 2600 inquirentes
1402 2485 1524 2598 digito
1544 2481 1615 2594 per
1638 2493 1759 2578 latum

406 2614 543 2720 vesrcae
565 2617 708 2700 vulnus
731 2610 951 2696 intromisso
971 2613 1123 2695 nullum
1157 2613 1381 2707 calculum,
1415 2633 1554 2698 verum
1590 2614 1629 2695 in
1651 2633 1759 2722 parte

405 2735 604 2846 superiore
626 2735 788 2832 vesrce,
822 2733 1021 2855 medium,
1053 2733 1316 2840 increpatum
1349 2736 1641 2841 prominentem
1673 2743 1760 2825 lim.
1852 2829 1855 2838 y

405 2855 526 2958 bum,
559 2863 718 2946 anulum
740 2859 985 2968 detegimus,
1020 2859 1088 2961 qui
1114 2857 1162 2940 ad
1186 2875 1370 2943 attactum
1393 2853 1642 2958 contractus,
1665 2857 1755 2950 dein

404 2985 623 3082 remissior,
659 2983 834 3070 suctione
865 2984 971 3084 quasr
997 2981 1162 3089 digitum
1193 2983 1294 3065 intra
1329 2975 1755 3092 sacculum'ducebat‚

407 3113 479 3196 uhi
499 3097 672 3196 calculus
692 3107 799 3192 haesrt
814 3107 900 3217 (a).
927 3105 1031 3190 Meo
1055 3121 1153 3188 tunc
1174 3107 1337 3190 consilio
1359 3103 1447 3190 usus
1468 3111 1666 3217 chirurgus
1686 3136 1757 3220 per

406 3233 506 3320 illud
528 3231 670 3320 ostium
693 3231 886 3340 forcipem
918 3255 1008 3314 cum
1045 3229 1249 3335 prudentia
1281 3227 1534 3328 introduxit,
1563 3237 1755 3323 calculum

403 3359 640 3470 prehendit,
673 3378 791 3465 atque
810 3357 978 3442 feliciter
998 3358 1172 3438 extraxit.
1228 3354 1385 3441 Vulnus
1419 3358 1555 3441 vesica
1589 3360 1654 3444 die
1673 3359 1754 3447 sex·

406 3501 452 3568 to
483 3483 573 3592 post
592 3482 870 3571 extructionem
891 3481 1063 3572 clausum
1082 3477 1187 3582 suit,
1221 3505 1339 3588 atque
1358 3501 1458 3594 aeger
1487 3483 1621 3592 postea
1643 3487 1754 3573 brevi

405 3606 669 3734 insanitatem
691 3609 899 3696 restitutus.
1734 3647 1744 3664 ·

341 3781 344 3790 ·
422 3727 505 3855 (ιι)
521 3765 660 3839 tlouuat
679 3785 775 3834 mem.
792 3743 989 3862 de'l'acad.⁴
1007 3767 1140 3850 rou-de
1170 3767 1253 3835 chit.
1284 3767 1351 3838 vol.
1380 3787 1408 3835 1.
1429 3788 1503 3858 pag.
1525 3786 1598 3860 395.
1621 3771 1660 3840 ad
1675 3794 1749 3862 4²4·

401 3851 542 4006 planchia
557 3845 867 3942 B.C.D.Pearfcns
883 3847 1038 3931 descript.
1048 3865 1090 3912 ou
1107 3847 1164 3910 the
1178 3847 1288 3913 bladd.
1302 3869 1374 3934 pag.
1392 3866 1467 3930 234·
1480 3854 1546 3918 tab.
1560 3870 1592 3935 7.
1604 3855 1658 3940 fig.
1677 3877 1710 3935 ι,
1721 3879 1750 3929 r.

401 3931 634 4107 nppprpgppg:
657 3931 893 4020 putheolis.
915 3949 988 4018 pag.
1003 3931 1076 4014 675.
1103 3925 1167 3996 ιώ.
1189 3946 1220 4014 4.
1238 3929 1351 4015 Dcnys
1373 3933 1415 3997 de
1436 3933 1579 4010 calculo,
1601 3955 1674 4026 pag.
1693 3959 1748 4076 {9⁰

467 4156 640 4244 DXXll.
675 4153 817 4242 Forma
837 4156 977 4268 gypsea
1011 4156 1149 4240 calculi
1174 4153 1309 4239 velita
1340 4155 1528 4274 ohlongi,
1558 4165 1742 4271 ponderis

402 4305 494 4368 unc
524 4283 564 4367 ι’.
588 4301 630 4368 et
654 4281 778 4394 scrup.
802 4309 861 4393 ιι.
894 4307 916 4366 a
940 4283 1174 4366 dexterrimo
1200 4278 1380 4391 chirurgo
1404 4279 1439 4387 J.
1469 4283 1653 4394 Keuper,
1678 4291 1742 4378 die
1810 4321 1813 4330 ·

404 4429 431 4488 ιι
438 4431 463 4513 5
482 4409 611 4516 aprilis
632 4409 747 4514 hujus
766 4411 856 4492 anni
869 4465 883 4506 ‚
898 4407 1085 4493 methodo
1098 4407 1261 4502 Dmnii,
1274 4405 1400 4492 llatim
1422 4406 1509 4513 post
1529 4411 1742 4508 sectionem

400 4535 536 4618 vesrco
556 4585 571 4628 ,
593 4535 804 4640 prudenter
836 4554 952 4639 atque
974 4532 1140 4621 feliciter
1159 4533 1332 4617 extracti.
1354 4531 1499 4643 AEger,
1522 4543 1640 4625 etatis
1683 4569 1737 4648 14

401 4679 617 4756 annorum,
651 4658 715 4740 die
730 4659 937 4746 undecimo
958 4659 1045 4770 post
1065 4663 1329 4771 operationem
1353 4656 1484 4751 clauso
1506 4667 1739 4754 velicaeuul·

398 4805 521 4889 nete,
544 4779 730 4898 perfecte
745 4783 909 4876 sanatus.
996 4797 999 4804 ’

813 4959 819 4974 s
957 4911 1056 4998 '1¹2
1544 4916 1731 5008 DXXlll.
