4722 5896
633 621 1611 758 o'ssruuuou'nosonunr.
1732 671 1792 778 ιγ

438 889 609 981 decodla'
637 911 679 980 aa
707 887 959 1004 pansum,
992 892 1274 1004 pir'rgoetudlne
1305 893 1369 978 sua
1401 893 1544 1008 digitos
1574 879 1793 1000 inqctinaut.

440 1021 541 1120 Ossa
559 1027 719 1118 teretia,
751 1020 895 1130 majora
917 1041 1047 1130 atque
1067 1025 1246 1124 minora,
1278 1043 1418 1131 prater
1443 1039 1617 1108 naturam
1638 1024 1793 1132 gracilia

437 1135 596 1237 suntb
547 1151 596 1264 (b
596 1150 633 1264 )
647 1139 786 1258 Capua
797 1151 964 1250 asilum,
981 1172 1166 1237 coeterunr
1188 1151 1436 1250 rotundiora,
1461 1175 1567 1236 nunc
1588 1148 1794 1250 ssrbrotuu

439 1277 513 1376 da,
539 1271 778 1402 epmpres'sa‚
802 1299 929 1362 ovata
976 1281 1102 1366 Sinus
1134 1281 1355 1381 articulares
1381 1279 1556 1385 plerique
1587 1278 1792 1384 planiores.

438 1403 486 1490 In
505 1405 666 1492 diversrs
690 1405 829 1494 ollibus
852 1404 1076 1511 sequentia,
1107 1425 1246 1489 notatu
1277 1405 1416 1512 digna,
1440 1420 1664 1488 occurrunt„
1695 1409 1795 1522 Cra·

446 1535 560 1618 nium
582 1535 767 1617 naturale.
811 1535 953 1618 Sutura
974 1523 1156 1642 sagittulis
1175 1532 1222 1616 ad
1242 1531 1412 1617 radicem
1432 1532 1520 1616 nali·
1499 1529 1731 1628 rexcurrit',
1755 1540 1796 1612 et

438 1682 483 1743 os
506 1659 650 1744 frontis
684 1660 797 1744 secat.
866 1659 1032 1747 Maxilla
1064 1657 1227 1744 inferior
1256 1661 1438 1761 obliqua.
1470 1656 1664 1760 condylus
1689 1657 1795 1742 enim
1914 1647 1920 1656 ’

439 1784 587 1871 dexter·
610 1787 817 1870 tuberculo
838 1784 1014 1888 infistit,
1043 1787 1141 1873 linui
1163 1783 1313 1874 srnill'e'r
1330 1779 1419 1871 fuit.
1433 1780 1673 1868 commissus.
1707 1782 1797 1891 Spi-

437 1933 488 1996 na
508 1909 668 1996 distorta
689 1933 730 1997 et
752 1933 907 1995 curvata
929 1910 1024 1997 fuit
1058 1897 1211 2004 Solutus
1225 1913 1424 2002 vertebrae
1436 1912 1566 2018 plures
1588 1911 1722 1992 inuno
1743 1911 1798 1992 al-

439 2057 585 2122 terove
600 2043 719 2126 latere
751 2037 991 2146 compressa.
1031 2039 1191 2134 Costae
1213 2036 1428 2144 superiores
1460 2035 1672 2130 admodum
1709 2057 1799 2118 cut·

431 2185 561 2274 rato,
595 2163 803 2276 inferiores
824 2169 975 2290 reeta,
1001 2167 1190 2278 elongata
1213 2218 1227 2262 ,
1264 2187 1346 2271 quo
1380 2163 1499 2270 magis
1520 2184 1607 2268 pars
1634 2155 1798 2248 inferior

305 2290 308 2298 ’
438 2291 556 2376 stemi
578 2267 734 2400 alpina
765 2291 984 2378 distabat.
997 2294 1056 2384 Iu
1090 2318 1189 2382 coxa
1210 2281 1344 2376 dextra
1376 2291 1487 2372 ilium
1514 2287 1627 2374 valde
1652 2308 1824 2372 conen·

438 2441 565 2506 ιιιιιι·Ι
588 2419 752 2504 ischium
773 2420 959 2528 planius·
980 2421 1174 2532 pubisos
1174 2419 1450 2528 elongatum·
1482 2413 1660 2514 foramen
1682 2417 1797 2498 ovale

438 2545 689 2644 rotundum,·
713 2568 1004 2656 permagnum:
1038 2543 1287 2629 acetabulum
1312 2545 1500 2652 planum,
1536 2539 1604 2626 vix
1627 2565 1795 2628 cavum:

439 2669 654 2773 sinus,pro
674 2661 898 2772 recipienda
913 2667 1094 2770 glandula
1116 2667 1313 2773 mucipara
1327 2721 1341 2767 ,
1357 2667 1498 2749 nullus.
1523 2661 1652 2776 Caput
1666 2663 1797 2752 femo-

328 2833 331 2842 =
440 2795 492 2876 ris
513 2791 638 2878 dextri
657 2813 745 2878 uonx
763 2785 995 2898 globosum,
1014 2785 1103 2874 -sed‘
1123 2790 1339 2900 oblongum
1362 2843 1386 2892 ‚·
1411 2811 1521 2900 parte
1541 2791 1605 2877 sua
1627 2797 1796 2880 anterio·

439 2943 508 3019 rc,
531 2945 623 3006 cam
640 2936 753 3028 parte
771 2921 903 3002 lunata
922 2919 1115 3006 acetabuli
1135 2919 1364 3016 commissa,
1391 2916 1538 3006 sulcum
1560 2921 1702 3024 babet,
1714 2943 1796 3028 quo

441 3071 549 3134 oram
581 3047 820 3132 exteriorem
850 3046 1045 3131 acetabuli
1081 3043 1247 3154 excepit.
1329 3043 1466 3159 Corra
1495 3047 1656 3132 finistrae
1684 3050 1797 3136 ilium

438 3176 624 3284 planum:
636 3171 801 3258 ilchium
821 3195 1053 3258 recurvum:
1075 3196 1120 3257 os
1140 3172 1257 3279 pubis
1281 3149 1588 3272 brevist'rr‘rrum,
1616 3171 1796 3260 foramen
1886 3159 1889 3168 ’

439 3305 555 3412 orale
580 3301 814 3439 oblongius:
847 3304 1091 3385 acetabulum
1113 3293 1369 3408 profundum.
1437 3297 1581 3387 Femur
1601 3299 1795 3390 srnisttum

440 3446 558 3536 eaput
588 3426 761 3534 quidem
761 3397 994 3539 globosum
1008 3427 1166 3523 habet,
1196 3445 1303 3512 caret
1323 3445 1453 3512 autem
1475 3427 1593 3530 sinu,
1606 3456 1672 3514 cur
1662 3429 1794 3542 affigi
1932 3471 1939 3484 ·

438 3553 536 3640 solet
539 3557 835 3668 ligamentum,
871 3573 973 3639 teres
995 3552 1155 3641 diuorn.
1224 3553 1440 3642 Praeterea
1473 3557 1602 3666 capite
1632 3555 1796 3643 femoris

336 3749 339 3756 ,
440 3707 536 3767 cum·
564 3683 649 3766 linu
675 3705 786 3763 coxa
805 3671 1044 3780 commisso,
1079 3679 1305 3768 trochanter
1331 3707 1451 3789 major
1463 3735 1486 3781 ,·
1462 3683 1669 3770 obscuro
1703 3685 1797 3770 licet
1950 3687 1956 3758 ἶ

439 3823 551 3891 ιιιοιιι
581 3823 702 3908 atque
735 3807 901 3903 attritu,
918 3809 1020 3888 novi
1054 3807 1208 3889 articuli
1240 3805 1409 3912 speciem
1441 3811 1599 3892 effinxit.
1656 3811 1795 3894 Tuber

440 3933 545 4016 enim
580 3929 669 4015 calli
692 3928 862 4014 indurati
877 3985 897 4030 ‚,
935 3929 1097 4030 osseus,
1122 3947 1229 4014 oram
1253 3931 1444 4015 acetabuli
1468 3934 1700 4020 antenorem
1723 3937 1795 4020 ob·

440 4057 574 4157 fidet,
620 4074 664 4140 et
691 4079 818 4142 aream
854 4055 1012 4158 refert‚
1068 4053 1206 4167 pressu
1244 4057 1513 4142 trochantcris
1535 4061 1791 4178 sppluratam

440 4185 594 4270 Vertex
612 4186 741 4270 tibia
761 4183 920 4276 finistrae
961 4203 1172 4290 utrumque
1205 4184 1330 4271 sinum
1356 4183 1682 4323 profundiorem
1684 4189 1794 4276 exhi

431 4316 520 4402 bot.
554 4311 725 4400 Verticis
745 4312 852 4400 tibiae
875 4315 1018 4404 dextrae
1038 4311 1182 4399 srnus
1169 4315 1332 4398 rotarios
1351 4311 1547 4425 profunde
1570 4337 1791 4418 excavatus

439 4437 709 4526 Humerorum
723 4443 944 4550 capitauon
964 4437 1226 4551 globosa,sed
1247 4443 1434 4551 oblonga,
1446 4444 1665 4532 alateribus
1684 4471 1793 4530 corn·

439 4565 577 4678 pressa
601 4567 688 4653 0ss
691 4595 710 4650 s
731 4568 786 4674 h)
787 4568 888 4654 ordrs
910 4569 1006 4656 basis
1031 4591 1122 4654 eum
1147 4592 1273 4654 cornu
1293 4567 1446 4654 srnillro
1472 4591 1667 4658 concreta.
1682 4573 1792 4656 Reli·
1823 4601 1836 4700 s

441 4692 643 4802 quaossa,
657 4691 785 4811 figura
799 4711 915 4808 atque
935 4693 1094 4799 forma,
1118 4715 1338 4805 utcumque
1358 4695 1576 4786 secundum
1599 4717 1789 4786 naturam.
1817 4726 1822 4755 ι

1560 4907 1563 4912 .
1713 4764 1816 4938 <ol
